1903 2724
55 347 111 372 240

55 591 108 619 245

57 837 112 865 ²50

62 1915 96 1933 10

529 203 641 227 DAVID
667 203 931 229 xvi-21)1›1·11<¹’.URN.

296 285 387 314 Fulta
404 285 576 315 ministerio
591 285 681 314 Bona
700 295 732 314 se
749 284 922 314 Concordia
940 286 1022 314 luctu

296 335 403 364 Atrata
421 335 570 365 involvit:
596 345 688 372 supra
705 344 816 363 omnes
832 334 884 363 illa
901 344 1023 364 sorores

297 383 433 413 Deliciae
452 384 556 421 Regis,
574 383 749 421 placuitque
766 390 795 412 et
812 393 926 412 nomen
944 389 973 412 et
990 393 1091 413 omen.

299 433 365 462 Nec
382 438 488 462 tamen
507 433 646 469 indulget
665 433 833 470 lachrymis
851 433 916 462 sine
934 432 1004 466 fine,
1021 432 1118 462 dolori

299 482 380 510 Huic
397 482 501 519 posuit
520 483 606 511 Deus
623 482 688 520 ipse
705 483 844 515 modum,
861 492 931 511 cum
952 482 1094 519 Principe
1111 488 1200 510 tanto

298 531 424 568 Dignus
441 531 470 560 in
488 531 608 569 imperii
626 532 665 561 sit
682 542 883 561 successurus
900 533 1040 561 habenas

300 581 407 610 Filius.
454 581 512 610 Illo
529 591 591 610 uno
608 591 677 610 sese
694 582 824 616 solatur,
842 582 880 610 ab
898 581 950 610 illo

297 630 376 667 Spes
393 636 513 667 reparat
530 630 672 668 viresque
689 640 787 660 novas
805 631 863 659 sibi
882 630 994 665 firmat,
1012 636 1041 659 et
1058 631 1088 658 in
1106 639 1139 659 se

299 678 496 716 Praecipiens
512 679 716 716 animumque
733 680 829 716 patris
846 685 1046 716 mentemque
1063 679 1244 715 benignam,

297 728 323 756 A
340 733 414 757 nato
431 728 491 756 iam
509 738 579 765 rege
597 738 664 764 suo,
681 728 822 758 felicibus
838 738 937 766 usque

298 777 455 814 Auspiciis
471 777 515 806 sic
531 777 582 806 illa
600 777 710 806 iterum
728 778 901 815 iterumque
918 783 1078 815 precatur:

298 825 347 854 Sit
363 836 479 855 summo
496 836 635 855 concessa
650 827 752 865 gradu
769 837 911 855 mcnsura
926 827 1050 865 paterni

302 875 382 910 Voti,
400 875 504 910 Carle,
521 875 579 904 tibi
593 876 720 914 propria
738 880 766 904 ct
776 876 909 914 fortuna
923 876 1072 914 parentis.

621 961 709 990 Beati
729 960 864 990 Pacifici.

196 1025 353 1055 NVoodcut
368 1025 403 1054 of
414 1026 593 1055 tombstone
609 1026 683 1055 with
701 1027 837 1064 heading
852 1027 944 1055 Fidei
962 1026 1055 1055 tutela
1073 1025 1255 1063 triumphat.

295 1107 551 1131 SERENISSIMO
571 1108 682 1132 REGIS
703 1108 832 1132 IACOBI
854 1108 899 1131 VI.
919 1107 1172 1132 EPITAPHIUM.

299 1165 463 1194 ,Uatericm
481 1166 635 1204 superasti
651 1176 768 1194 omnem
786 1166 854 1194 Rex
870 1167 992 1204 optime,
1010 1166 1111 1204 nilque

341 1215 407 1242 Aut
424 1214 521 1243 virtus
537 1219 592 1243 aut
608 1215 677 1243 laus
693 1226 750 1254 (luo
769 1219 821 1244 tua
836 1220 946 1253 pergat
963 1215 1063 1245 habet.

302 1263 366 1291 Nec
384 1263 496 1292 Sextus
512 1264 697 1302 sedprimus
715 1265 740 1293 is
756 1274 794 1300 es,
811 1275 896 1303 quem
915 1265 1032 1294 credere
1042 1265 1098 1302 sas
1114 1265 1155 1293 sit

341 1312 575 1351 Semia'cumque
593 1314 692 1342 virum
710 1314 945 1352 semivirumqur
962 1315 1060 1344 deant.

690 1399 801 1427 Aliud.

300 1462 439 1491 Nomina
455 1463 482 1491 si
498 1474 603 1501 regum
619 1464 779 1493 meliorum
795 1464 915 1503 sculpta
934 1465 980 1494 vel
995 1475 1089 1493 uuum

338 1511 512 1547 Annulum,
528 1516 556 1541 et
570 1513 716 1551 exiguum
732 1513 822 1548 hunc,
839 1513 978 1542 claudere
992 1518 1080 1552 posse
1088 1512 1182 1551 fides,

300 1561 466 1590 Proditum
483 1565 518 1590 ut
532 1566 575 1590 est
591 1562 664 1590 olim
683 1572 758 1598 vere,
775 1566 801 1591 te
817 1562 933 1591 scilicet
949 1562 1041 1591 liuius

340 1612 405 1639 Aut
418 1620 537 1648 gemma
555 1615 609 1639 aut
623 1615 770 1645 centrum,
788 1611 855 1640 Rex
872 1612 990 1646 Iacobe,
1006 1612 1100 1650 capit.

301 1659 443 1698 Namque
460 1660 610 1697 Syracusi
627 1661 721 1689 veluti
737 1661 816 1689 senis
832 1664 898 1690 arte
914 1665 1033 1700 reperta
1049 1665 1091 1690 est

344 1708 496 1746 Splzaera,
511 1712 539 1737 et
555 1709 587 1738 in
604 1709 660 1738 Ιιαε
676 1709 782 1747 magni
799 1709 943 1738 machina
961 1713 1049 1738 vasta
1063 1709 1140 1748 poli,

301 1757 354 1786 Sic
371 1757 452 1786 vitae
468 1758 617 1796 mortique
635 1762 704 1787 tuae
722 1759 912 1797 (compendia
929 1758 1034 1787 laudis

341 1807 427 1846 Quae
445 1807 526 1835 velut
541 1808 652 1847 omnis)
670 1808 747 1837 inest
763 1808 910 1847 quicquid
925 1809 957 1836 in
973 1809 1042 1837 orbe
1060 1807 1156 1836 uitet:

299 1855 341 1882 Et
357 1855 506 1894 quicquid
521 1856 640 1894 Regum
658 1857 757 1885 virtus
773 1857 812 1885 ab
827 1857 949 1895 origine
966 1856 1072 1885 mundi

345 1903 481 1942 Usquam
501 1904 547 1933 vel
564 1905 662 1934 voluit
675 1906 802 1944 pingere
820 1906 864 1935 vel
878 1905 991 1944 potuit.

660 1979 810 2018 GriplzuS.

455 2056 478 2079 1,
496 2056 520 2080 2,
539 2056 564 2083 3,
582 2057 608 2083 4,
628 2056 653 2084 5,
671 2049 698 2081 6,
717 2056 740 2083 7,
757 2049 784 2082 8,
801 2059 828 2084 9,
848 2058 892 2082 10,
911 2058 955 2081 11,
976 2058 1019 2077 12.

222 2107 298 2135 Post
315 2106 449 2144 primum
467 2107 537 2137 inde
553 2108 646 2143 aliud,
662 2114 785 2138 ternum
802 2109 872 2138 inde
889 2114 981 2146 atque
997 2109 1067 2138 inde
1083 2114 1279 2146 quaternum,

224 2155 299 2184 Post
315 2161 468 2192 quartum,
486 2156 628 2193 quintum
647 2163 734 2187 sexto
749 2158 891 2188 diadema
907 2163 1065 2196 perennat,

1347 206 1406 235 411
