1883 2730
438 211 500 234 210

443 447 476 464 10

449 690 479 718 ¹5

449 1425 486 1452 30

451 1668 485 1696 35

450 1914 487 1938 ,ιο

824 209 921 233 MCSA
947 209 1086 232 LATINA
1111 207 1402 232 ABERDONENSIS.

684 289 741 317 Est
757 289 807 326 qui
824 289 948 317 divitias
964 293 1060 317 certat
1075 288 1231 316 cumulare
1247 287 1407 324 superbas,

723 338 791 376 Quo
809 337 883 375 figat
901 338 1043 366 stabilem
1062 342 1302 374 perpetuamque
1317 337 1454 364 domum.

683 387 795 421 Diruit,
812 387 962 421 aedificat,
982 391 1082 415 mutat
1098 386 1248 423 quadrata
1265 384 1412 420 rotundis,

727 436 896 465 Immemor
912 437 969 464 ah!
995 435 1102 469 nostri,
1120 435 1171 463 vix
1187 443 1306 463 memor
1322 433 1388 471 ipse
1405 433 1461 462 sui.

686 484 826 513 Perditus
841 490 890 513 ast
907 485 1028 514 iuvenis
1043 485 1156 513 lacerat
1173 483 1229 512 sibi
1247 488 1333 520 parta
1350 482 1490 511 bibendo.

726 534 842 563 Scottis
858 539 911 562 aut
927 534 1016 564 talis:
1041 533 1084 562 sic
1102 534 1183 561 bona
1201 532 1296 569 patris
1313 537 1396 560 eunt.

688 582 748 611 Hic
765 582 875 619 opibus
892 583 1013 618 studet3
1035 587 1065 611 et
1081 591 1179 610 vanos
1196 581 1279 618 cupit
1295 581 1372 609 alter
1387 580 1530 614 honores,

730 631 822 659 Hunc
838 637 972 667 tangunt
989 631 1099 664 fasces,
1116 631 1191 660 sella
1207 636 1236 659 et
1253 631 1369 659 eburna
1386 629 1478 658 iuvat.

689 680 780 709 Liber
796 686 880 709 amat
897 691 1004 710 servus
1020 680 1102 710 fieri:
1128 680 1252 708 sordent
1270 689 1326 707 sua
1343 684 1432 713 tecta,

727 731 824 767 Regia
841 731 906 759 sola
923 731 1054 768 placent,
1072 740 1126 759 nec
1145 739 1263 758 memor
1280 729 1329 757 ille
1345 728 1415 758 mei.

687 777 743 806 Est
759 778 809 815 qui
826 780 983 815 congestis
999 778 1123 806 inhians
1141 778 1233 806 miser
1249 777 1384 814 undique
1399 776 1498 805 saccis

727 828 791 855 Ceu
809 827 905 856 sacris
922 827 1026 864 parcit,
1043 828 1165 855 demere
1180 832 1209 855 et
1226 826 1296 854 inde
1313 826 1419 858 timet;

686 876 834 904 Sordidus
849 876 898 905 hic
913 876 983 905 odio
999 881 1046 904 est
1061 876 1191 909 cunetis,
1209 880 1238 904 et
1254 875 1361 903 inutile
1378 875 1510 911 pondus,

728 925 791 953 Nec
808 925 864 953 sibi
883 935 960 954 neve
976 925 1055 959 aliis,
1074 934 1129 953 nec
1146 924 1221 952 mihi
1239 929 1331 952 natus
1347 929 1420 953 erat.

687 974 758 1002 Non
776 974 816 1002 ita
837 974 1005 1007 Fraserius,
1023 973 1182 1009 genitricis
1197 973 1285 1002 dulce
1302 973 1461 1007 levamen;

728 1023 786 1051 Sed
807 1032 924 1051 memor
941 1031 1037 1059 usque
1054 1023 1112 1056 sui,
1130 1023 1181 1051 sed
1199 1031 1317 1050 memor
1333 1031 1430 1058 usque
1447 1021 1516 1050 mei.

689 1071 719 1099 Is
737 1071 810 1099 mihi
831 1071 983 1108 propitius
1000 1071 1127 1099 nutritia
1143 1071 1229 1106 larga
1246 1070 1394 1108 rependit,

731 1120 876 1157 Prompta
894 1130 988 1148 manu
1006 1119 1096 1154 facili,
1113 1119 1265 1156 cordeque
1283 1124 1425 1156 prompta
1443 1119 1500 1156 pio.

689 1169 767 1197 Cum
787 1170 899 1198 misera
916 1179 952 1198 ac
968 1170 1130 1205 languens,
1148 1169 1241 1197 annis
1255 1167 1396 1197 confecta
1413 1168 1554 1203 iacerem,

728 1218 851 1252 Tristis,
870 1219 976 1256 inops;
1003 1224 1098 1247 strata
1114 1224 1144 1247 et
1160 1224 1240 1247 tecta
1256 1223 1378 1247 vetusta
1396 1218 1481 1253 solo;

690 1268 851 1304 Nemoque
868 1269 1015 1303 dignatus
1031 1269 1216 1303 longaevam
1234 1267 1334 1296 visere
1351 1272 1492 1301 matrem,

733 1317 778 1344 Ex
793 1322 838 1345 tot
855 1323 927 1353 quot
944 1317 1048 1353 genui,
1066 1326 1121 1346 nec
1137 1316 1206 1353 quis
1222 1317 1330 1344 adesse
1347 1317 1436 1349 velit;

692 1365 742 1393 Me
759 1366 858 1394 bonus
876 1365 989 1400 invisit,
1006 1375 1136 1394 cernens
1152 1371 1181 1394 et
1199 1365 1286 1394 triste
1303 1365 1454 1393 iacentem

735 1415 842 1450 Erigit,
861 1420 992 1444 erectam
1011 1415 1144 1443 molliter
1159 1420 1252 1451 atque
1269 1414 1359 1443 fovet.

692 1462 950 1500 Decrepitamque
968 1463 1051 1492 iubet
1068 1463 1156 1492 viridi
1174 1462 1280 1491 florere
1298 1463 1434 1497 iuvent-51,

730 1512 824 1540 Artus
841 1511 967 1541 mirifica
984 1511 1073 1549 fingit
1089 1517 1119 1542 et
1135 1517 1198 1541 arte
1215 1521 1322 1542 novos

693 1560 840 1597 Squalida
857 1570 938 1589 nunc
954 1562 1068 1589 absunt
1085 1561 1251 1589 inamoena
1267 1566 1297 1589 et
1314 1561 1429 1595 rudera,
1447 1561 1591 1597 pulchrae

734 1609 960 1646 Splendescunt
977 1610 1086 1638 aedes:
1111 1619 1181 1638 area
1199 1614 1264 1638 tota
1281 1609 1366 1638 nitet.

695 1658 774 1686 Area
791 1658 933 1686 sublimis
950 1657 1046 1695 fulget
1063 1659 1205 1687 decorata
1221 1658 1376 1687 columnis

734 1707 888 1735 Marmore
904 1708 940 1735 (le
959 1707 1067 1736 Pario:
1091 1712 1201 1735 cuncta
1219 1707 1349 1743 superba
1367 1706 1492 1736 micant.

694 1756 788 1793 Regis
804 1766 882 1793 opus
899 1757 988 1793 prisci
1005 1761 1034 1785 et
1051 1756 1217 1785 venerandi
1235 1755 1379 1790 flaminis,
1395 1756 1466 1784 hinc
1483 1756 1543 1784 iam

733 1805 915 1834 Fraseriana
932 1811 1029 1839 sonet,
1047 1805 1182 1842 principe
1199 1805 1302 1840 digna,
1319 1805 1439 1833 domus.

695 1854 777 1882 Inter
793 1854 873 1882 clara
891 1854 984 1889 Deae,
1003 1854 1224 1890 pulcherrimae
1240 1859 1270 1881 et
1286 1853 1366 1881 ostia
1384 1853 1494 1882 Donae

733 1902 837 1930 Ardua
856 1902 985 1930 Fraserii
1005 1907 1088 1930 stant
1108 1901 1301 1930 monimenta
1319 1901 1369 1938 pii.

693 1951 791 1990 Queis
807 1956 836 1980 et
856 1951 1037 1988 Pyramides
1054 1951 1172 1987 regales
1188 1956 1280 1986 atque
1296 1951 1459 1979 columnae

735 2000 871 2029 Cedant:
896 2000 946 2027 illa
963 2000 1058 2027 animi
1077 1999 1200 2033 nobilis,
1217 1999 1277 2027 ista
1294 2001 1414 2029 manus

695 2049 836 2085 Cumque
852 2048 934 2085 prius
950 2048 1053 2076 tenuis
1069 2048 1214 2076 librorum
1231 2053 1260 2076 et
1276 2053 1361 2076 curta
1379 2048 1526 2085 supellex,

738 2097 887 2126 Instruxit
905 2096 1026 2135 scriptis
1043 2096 1260 2135 codicibusque
1277 2096 1376 2126 bonis.
