1883 2730
455 196 514 226 182
845 201 943 225 MUSA
968 200 1108 225 LATINA
1133 201 1426 225 ABERDONENSIS.

655 281 786 310 Carolus
801 280 892 309 edicit
908 280 998 309 claris
1015 290 1202 318 pugnaeque
1219 286 1327 317 parent
1344 290 1385 310 se.

655 329 771 358 Ordine
787 329 958 366 dispositos
974 329 1066 357 dictis
1081 335 1147 358 tum
1165 329 1276 358 affatur
1292 329 1411 358 amicis.

656 380 682 408 O
701 379 792 414 Socii,
811 388 862 415 per
877 379 952 406 dura
968 383 998 407 et
1014 379 1111 407 densa
1128 379 1262 415 pericula
1279 378 1369 413 vecti,

474 437 511 466 90
658 428 715 456 Per
729 433 835 456 tantos
852 427 1000 456 bellorum
1019 432 1125 456 aestus
1141 427 1342 464 duplicesque
1360 427 1478 456 furores

656 477 832 511 Armorum,
850 486 902 513 per
917 481 1023 513 totque
1040 476 1170 510 hiemes,
1188 486 1239 513 per
1255 476 1400 513 quicquid
1416 477 1570 510 acerbum,

658 526 866 560 Horrendum,
885 535 988 561 grave,
1006 525 1102 560 triste,
1121 525 1242 561 ingens,
1261 535 1313 562 per
1328 525 1473 562 quicquid
1496 526 1649 562 iniquum,

659 575 847 609 Instxustum,
864 580 894 603 et
909 575 1031 603 crudele
1048 574 1135 608 foret,
1154 575 1241 602 Deus
1258 574 1306 602 his
1323 583 1446 611 quoque
1463 573 1557 603 finem

660 624 730 660 Ipse
746 624 840 652 dabit.
884 623 999 652 Verum
1018 623 1092 651 socii
1110 632 1192 651 nunc
1209 632 1257 651 me
1274 624 1350 651 duce
1367 623 1479 652 ferrum

477 683 512 711 95
659 673 810 710 Corripite
827 672 944 706 invicti,
963 681 1017 700 nec
1033 677 1144 701 terreat
1161 672 1321 708 improbus
1338 672 1446 700 hostis.

659 723 748 760 Quod
766 722 846 750 votis
862 721 997 758 optastis
1013 722 1100 749 adest
1118 720 1304 757 perfringere
1321 721 1443 754 dextra;

663 771 696 799 In
716 771 860 799 manibus
880 770 965 798 Mars
982 770 1047 807 ipse
1064 770 1131 804 viri,
1150 779 1231 798 nunc
1246 770 1390 806 coniugis
1406 775 1474 799 esto

660 821 799 858 Quisque
816 829 889 848 suae
905 820 1038 855 tectique
1055 829 1183 848 memor.
1231 819 1323 847 Nunc
1340 829 1456 855 magna
1472 819 1581 848 referte

662 870 768 903 Facta,
786 874 907 905 patrum
926 869 1050 900 laudes3
1076 869 1155 896 ultro
1171 877 1370 896 occurramus
1386 873 1415 896 et
1437 868 1529 898 hosti.

462 928 518 948 100
662 918 822 946 Audentes
840 917 978 945 Fortuna
996 917 1080 944 iuvat
1096 916 1285 953 timidosque
1302 916 1431 953 repellit.

661 966 791 995 Obiiciet
808 966 950 1002 quisquis
967 976 1008 1000 sc,
1026 966 1107 994 vitae
1124 965 1283 1001 prodigus,
1301 965 1395 999 hosti,

664 1016 718 1044 Ille
735 1015 857 1052 quidem
875 1015 912 1042 ad
930 1024 1070 1051 superos,
1087 1023 1217 1050 quorum
1236 1023 1268 1042 se
1284 1015 1416 1042 devovet
1432 1014 1504 1048 aris,

663 1065 811 1092 Succedet
829 1063 910 1091 fama
928 1064 1079 1099 vivusque
1096 1072 1148 1100 per
1164 1071 1216 1091 ora
1234 1061 1356 1091 feretur.

664 1113 791 1149 Iamque
809 1112 1034 1149 propinquabat
1051 1112 1207 1140 Cromueli
1225 1112 1378 1140 exercitus
1394 1112 1510 1145 omnis,

466 1174 516 1202 ¹05
663 1163 799 1198 Agmina
816 1162 866 1198 qui
884 1162 1063 1197 aggreditur
1079 1161 1186 1198 paucis
1203 1161 1252 1189 his
1269 1161 1384 1198 persida
1401 1162 1511 1191 verbis.

665 1211 746 1240 Huic
763 1213 833 1248 (vos
849 1221 866 1239 ο
883 1211 950 1239 lecti
963 1212 982 1248 !)
1001 1211 1094 1239 Scoto
1111 1220 1191 1238 nunc
1209 1220 1324 1239 numen
1343 1211 1468 1248 Olympi

664 1260 821 1288 Auxilium
839 1260 969 1288 omnino
984 1260 1113 1296 eripuit:
1137 1269 1219 1288 nunc
1236 1259 1298 1288 fata
1315 1260 1441 1288 sinistra

666 1310 839 1346 Expectant
857 1310 986 1341 Scotos;
1010 1309 1060 1337 leti
1077 1309 1256 1338 discrimina
1274 1319 1368 1346 parva

667 1358 748 1386 Dent
765 1357 905 1385 animum
924 1357 999 1386 sorte
1016 1358 1065 1386 his
1081 1359 1248 1394 quendam,
1262 1368 1334 1386 mox
1351 1364 1436 1395 terga
1453 1359 1581 1388 daturis.

467 1417 521 1435 110
666 1407 757 1434 Nunc
773 1407 859 1440 adeo,
877 1407 1024 1443 quoniam
1043 1407 1151 1435 melior
1168 1417 1238 1444 pars
1255 1413 1322 1436 aeta
1339 1407 1410 1441 diei,

666 1456 755 1493 Quod
773 1462 922 1492 superest,
940 1457 1010 1484 laeti
1028 1457 1104 1485 bene
1120 1457 1218 1493 gestis
1234 1466 1361 1494 corpora
1378 1457 1467 1485 rebus

669 1505 832 1533 l'rocurate
848 1505 902 1532 viri
919 1510 948 1533 et
966 1515 1103 1542 pugnam
1121 1512 1242 1542 sperate
1260 1505 1366 1543 parati.

668 1554 805 1588 Dixerat,
823 1559 915 1590 atque
932 1554 973 1582 illi
991 1555 1081 1583 (lictis
1098 1564 1203 1591 parere
1220 1561 1378 1591 parantur,

669 1603 935 1638 Brutigenumque
951 1604 1044 1632 duces
1061 1613 1236 1640 saevusque
1252 1605 1404 1633 exercitus
1420 1603 1532 1633 omnis.

470 1661 522 1689 115
669 1651 841 1688 Compositi
860 1661 988 1680 numero
1005 1652 1034 1680 in
1053 1658 1190 1686 turmas;
1216 1652 1317 1681 fremit
1335 1662 1467 1690 aequore
1484 1658 1550 1681 toto

670 1700 830 1728 Insultans
847 1701 972 1737 sonipes
988 1707 1017 1729 et
1035 1702 1149 1738 pressis
1166 1707 1284 1738 pugnat
1301 1702 1442 1736 habenis,

670 1750 740 1778 Huc
755 1751 905 1778 obversus
921 1756 949 1778 et
967 1751 1032 1780 huc.
1078 1751 1159 1778 Tum
1176 1751 1236 1779 late
1253 1750 1368 1779 ferreus
1386 1750 1486 1778 hastis

673 1801 784 1829 Horret
800 1810 873 1837 ager
887 1801 1050 1837 campique
1066 1801 1161 1829 armis
1177 1801 1363 1829 sublimibus
1379 1802 1498 1830 ardent.

671 1850 801 1878 Carolus
817 1859 832 1877 e
847 1855 953 1878 contra
970 1850 1091 1877 validus
1107 1850 1282 1886 celeresque
1299 1850 1473 1886 phalanges

472 1908 526 1928 120
671 1898 916 1935 Grampigenum
934 1899 1080 1927 adversae
1096 1904 1255 1935 apparent,
1273 1899 1443 1935 hastasque
1460 1898 1592 1927 reductis

673 1947 863 1975 I'rotendunt
881 1947 971 1982 longe
987 1947 1102 1976 dextris
1119 1947 1308 1984 mittuntque
1325 1947 1467 1983 sagittas.

536 2040 587 2057 ηπ.
607 2036 621 2046 “
632 2033 660 2056 In
673 2033 739 2064 spite
752 2034 780 2057 of
792 2033 894 2063 Dugald
909 2033 1054 2064 Dalgetty's
1066 2034 1174 2064 surprise
1187 2038 1212 2057 at
1227 2034 1304 2065 being
1317 2033 1441 2058 wounded
1455 2034 1487 2064 by
1500 2041 1532 2057 an
1545 2040 1633 2061 ari-ow,
1647 2032 1750 2056 archers
1760 2038 1826 2055 were

469 2079 514 2098 not
527 2075 624 2098 seldom
638 2074 773 2105 employed
787 2075 810 2097 in
825 2075 868 2098 the
881 2074 943 2098 Civil
958 2075 1026 2098 VVar.
1063 2075 1118 2098 The
1132 2074 1239 2098 ill-fated
1257 2075 1325 2098 Lord
1345 2075 1449 2105 Kilpont
1467 2073 1637 2098 commanded
1651 2074 1692 2097 the
1705 2073 1825 2096 bowrnen

469 2123 502 2137 on
519 2115 671 2138 Montrose's
684 2115 727 2138 lest
746 2120 771 2138 at
791 2115 958 2146 Tippermuir.
994 2116 1106 2145 Archery
1120 2123 1172 2139 was
1190 2116 1324 2146 employed
1343 2116 1367 2139 iu
1381 2116 1424 2139 the
1437 2116 1484 2146 ⁴45,
1497 2115 1548 2139 and
1560 2123 1622 2139 even
1636 2123 1664 2138 as
1677 2115 1728 2138 late
1741 2121 1770 2137 as
1783 2113 1827 2137 the

469 2156 548 2179 battle
561 2157 590 2179 os
601 2156 715 2186 Leipzig,
732 2158 800 2185 1513,
815 2156 846 2186 by
861 2157 968 2179 Russian
983 2157 1089 2187 troops''
1103 2157 1258 2187 (Simpson's
1270 2157 1440 2185 Bonstccord,
1454 2165 1478 2187 p.
1494 2157 1558 2186 158).
