1883 2730
457 198 523 228 280

458 492 494 510 10

460 982 497 1000 20

461 1228 495 1255 25

463 1717 498 1745 35

465 1963 504 1988 ,ιο

465 2204 501 2232 45

851 202 947 227 MUSA
972 202 1109 226 LATINA
1135 202 1413 227 ABERDONENSIS.

698 285 738 313 Et
754 284 820 313 sitit
836 284 866 312 in
884 283 994 313 mediis
1009 283 1162 312 Tantalus
1177 293 1268 320 aeger
1283 283 1382 320 aquis,

656 333 744 362 Talis
760 343 818 370 ego
832 343 837 361 2
862 333 912 370 qui
927 337 1075 370 perpetuo
1091 338 1121 361 te
1136 332 1266 361 candida
1283 342 1373 361 versu

699 383 801 411 Conor
817 382 848 410 in
865 382 1037 416 aethereas,
1055 381 1156 416 Delia,
1173 380 1248 410 ferre
1264 381 1340 409 vias.

659 431 803 468 Namque
819 431 868 459 ubi
886 430 1078 467 principium,
1096 430 1244 464 medium,
1263 429 1374 458 finisve
1390 430 1512 466 laboris,

699 479 844 517 Namque
860 479 910 508 ubi
926 479 982 508 erit
999 479 1136 508 numeris
1152 484 1235 507 meta
1251 479 1388 507 notanda
1403 479 1491 513 meis,

658 528 703 557 Te
720 528 787 557 sine
804 529 829 556 si
846 528 977 556 nihilum
994 537 1084 557 mens
1101 528 1234 562 inchoet,
1252 537 1373 564 unaque
1391 537 1488 557 venae

700 578 909 615 Materiesque
925 578 1020 606 animi
1039 578 1090 612 sis,
1108 587 1177 606 mea
1193 577 1272 612 diva,
1290 577 1374 605 rnei?

659 627 736 666 Quis
753 627 833 665 potis
850 626 972 655 infinita
989 627 1060 655 ullis
1075 627 1294 663 comprendere
1310 625 1425 654 metis?

699 677 817 715 Quisve
833 676 959 704 modum
978 681 1093 704 statuat
1110 675 1156 704 cui
1174 676 1286 704 modus
1301 674 1405 704 omnis
1421 674 1531 704 abest?

662 725 694 754 Si
711 730 763 754 tua
780 726 857 758 laus,
873 730 926 753 tua
943 725 967 752 si
984 724 1090 759 virtus,
1109 724 1133 751 si
1150 724 1248 760 gratia
1265 723 1391 759 formae,

702 773 851 803 Praefixis
867 774 992 802 laudum
1011 773 1125 802 finibus
1143 782 1239 810 usque
1255 778 1370 808 carent,

660 823 722 852 Cur
737 833 796 859 ego
813 822 910 851 finitis
926 831 1071 860 quaeram
1089 827 1117 851 te
1133 822 1273 851 claudere
1289 822 1384 860 gyriS‚

701 873 801 900 Curve
818 881 886 900 meo
903 881 1022 908 sperem
1040 871 1146 900 tollere
1163 871 1192 899 in
1209 876 1292 899 astra
1308 871 1411 899 sono?

662 921 752 949 Nunc
769 921 862 956 igitur
879 920 1076 957 Paphiaeque
1093 929 1200 957 genae,
1219 919 1397 956 Phoebique
1413 919 1524 957 capilli,

702 970 894 1006 Aemulaque
911 970 1062 998 aethereis
1079 969 1197 997 lumina
1214 968 1286 997 bina
1302 969 1412 1005 globis,

662 1019 701 1048 Et
718 1019 802 1047 mille
818 1019 848 1046 in
866 1018 962 1047 roseis
977 1018 1111 1047 errantia
1127 1018 1213 1046 basia
1230 1018 1333 1052 labris,

703 1068 742 1096 Et
759 1077 819 1096 non
838 1067 958 1096 mortali
975 1072 1095 1096 caetera
1112 1067 1205 1103 digna
1222 1076 1308 1101 sono,

661 1118 786 1154 Vosque
803 1116 904 1151 simul,
922 1115 1113 1152 Venerisque
1130 1125 1203 1152 puer
1217 1115 1418 1153 comitesque,
1435 1116 1545 1150 valete,

704 1166 742 1194 Et
758 1166 881 1199 chorus,
897 1170 926 1194 et
943 1164 1080 1193 numeris
1097 1164 1213 1193 barbite
1229 1170 1316 1201 grate
1332 1165 1419 1193 meis.

663 1216 709 1244 Sit
727 1215 804 1243 satis
821 1216 846 1243 O
864 1215 995 1251 primam
1014 1214 1107 1243 semel
1126 1214 1292 1243 incaluisse
1308 1214 1478 1249 iuventam,

703 1265 862 1301 Saepeque
879 1263 1024 1301 sepositis
1041 1263 1234 1300 ingemuisse
1251 1263 1335 1292 iocis.

663 1314 710 1342 Sit
727 1314 804 1342 satis
820 1314 846 1342 O
863 1313 974 1349 vigiles
989 1312 1115 1341 duxisse
1131 1322 1166 1342 ex
1182 1312 1287 1341 ordine
1303 1318 1418 1347 noctes

704 1363 738 1390 ln
756 1362 908 1398 gremium
926 1363 1027 1390 salsae
1044 1362 1116 1390 dum
1133 1361 1214 1390 cadit
1231 1361 1328 1390 imber
1342 1371 1450 1398 aquae.

664 1412 744 1439 Nam
762 1411 834 1448 quid
850 1420 908 1446 ego
924 1420 1033 1439 caecae
1050 1410 1134 1447 potui
1151 1411 1222 1439 dare
1238 1411 1305 1439 vela
1321 1410 1451 1444 carinae,

706 1461 776 1488 Huc
793 1460 843 1488 ubi
862 1460 1004 1488 Sicanias
1022 1460 1124 1497 Scylla
1141 1460 1275 1488 resorbet
1294 1459 1414 1496 aquas?

664 1510 734 1538 Huc
751 1510 800 1538 ubi
819 1509 993 1538 ssexanimis
1009 1509 1145 1537 mulcent
1162 1508 1346 1537 Acheloides
1361 1508 1429 1537 odis

705 1559 842 1593 I'ectora,
861 1558 1003 1594 Ulysseis
1020 1567 1082 1586 non
1099 1558 1177 1586 bene
1193 1557 1268 1585 fulta
1284 1556 1387 1586 dolis?

664 1607 838 1636 Debueram
856 1606 958 1642 potius
977 1606 1091 1634 Phoebi
1109 1605 1258 1642 gravioris
1274 1606 1311 1634 ad
1328 1615 1451 1634 auream

705 1656 796 1684 Astra
813 1664 903 1691 super
919 1654 1047 1691 positus,
1064 1663 1187 1682 carmen
1205 1654 1308 1683 hiasse
1324 1654 1431 1692 lyram,

665 1705 764 1741 Atque
781 1704 859 1733 inter
875 1713 1007 1739 magnos
1025 1703 1149 1731 sublimi
1167 1703 1277 1732 vertice
1293 1708 1391 1737 vates,

708 1753 848 1782 Movisse
865 1753 979 1782 aeterni
997 1752 1132 1780 maxima
1149 1752 1228 1780 facta
1244 1752 1291 1780 dei
1307 1762 1312 1781 :

668 1804 710 1833 Ut
728 1808 812 1840 pater
827 1802 1026 1839 omnipotens
1042 1807 1140 1830 totum
1159 1802 1216 1829 hoc
1232 1801 1311 1838 quod
1329 1801 1440 1838 ubique
1455 1801 1606 1836 videmus,

706 1852 796 1891 Quod
814 1861 907 1886 mare,
925 1857 1013 1885 terra,
1029 1860 1089 1885 aer,
1107 1855 1199 1884 astra,
1217 1850 1366 1887 polusque
1382 1850 1473 1884 cluet,

668 1900 819 1929 Struxerit
835 1909 851 1928 e
868 1899 974 1935 nihilo,
992 1905 1082 1936 atque
1099 1899 1146 1927 sui
1164 1904 1280 1936 partem
1298 1898 1504 1928 immortalem

709 1949 861 1978 Clauserit
878 1948 950 1977 olim
968 1948 1061 1976 huius
1077 1948 1212 1984 corporis
1229 1948 1257 1976 in
1276 1947 1420 1981 latebris3

666 1998 781 2027 Omnia
798 2007 875 2034 quae
893 1997 978 2025 nullo
994 1996 1151 2025 morituris
1166 2001 1304 2033 tempore
1319 1996 1435 2025 chartis

708 2046 847 2075 Bartassi
866 2046 965 2082 potuit
982 2046 1098 2074 tradere
1115 2045 1164 2073 dia
1181 2045 1296 2082 chelys.

665 2095 726 2124 Aut
745 2095 890 2132 Solymae
906 2094 1001 2123 motis
1018 2103 1071 2131 pro
1087 2094 1225 2123 libertate
1241 2094 1392 2131 tyrannis,

705 2143 845 2173 'fassaea
860 2153 1001 2173 canerem
1019 2143 1133 2180 proelia
1150 2153 1264 2180 magna
1281 2143 1364 2171 tuba.

668 2194 728 2221 Aut
745 2193 825 2230 quod
842 2193 1007 2221 Alexandri
1024 2192 1119 2220 sacris
1135 2197 1260 2228 operata
1277 2191 1426 2220 Camenis
