1883 2730
454 211 496 241 66

454 399 509 434 265

454 651 509 677 ²70

455 1131 511 1156 280

457 1376 510 1409 285

455 1627 511 1652 200

456 1870 509 1897 295

456 2115 513 2141 300

839 216 937 241 MUSA
962 216 1100 240 LATINA
1126 215 1301 240 ABERDON
1308 213 1420 239 ENSIS.

658 297 764 325 Ludus
780 302 843 325 erat
861 306 963 333 puero,
979 296 1054 324 haec
1071 301 1100 324 et
1118 295 1194 324 scire
1209 301 1239 324 et
1255 304 1330 323 voce
1347 293 1465 323 referre.

657 346 738 384 Quid
754 355 860 374 cessas
877 345 978 383 igitur,
996 345 1143 374 iuvenum
1161 345 1232 381 quid
1249 349 1320 372 vota
1338 342 1468 372 moraris
1484 341 1493 370 Ρ

658 395 782 431 Dignus
799 400 925 431 uterque
941 400 994 423 tuo
1011 393 1165 431 praesenti
1182 393 1311 421 numine
1327 397 1407 421 certe
1423 396 1478 420 est.

656 443 742 471 Dixit
758 449 787 472 et
804 444 966 480 amplexae
983 443 1114 471 surrexit
1130 443 1167 470 ad
1184 442 1291 470 oscula
1308 441 1425 469 matris.

656 492 786 520 Subiicit
803 492 896 520 haec:
922 492 1038 529 Optata
1055 492 1178 528 quidem
1196 491 1282 525 mihi,
1300 495 1381 524 nate,
1400 494 1538 525 reportas

657 540 786 575 Nuntia,
803 546 832 569 et
849 541 916 577 ipsa
932 541 1023 569 adero
1040 545 1190 577 quantam
1208 549 1256 568 me
1273 540 1363 568 turba
1379 547 1431 574 per
1447 547 1516 565 aras

657 590 804 618 Humana
823 590 938 618 Idalias
955 595 1117 619 veneratur
1134 589 1271 626 supplice
1287 589 1380 623 cultu,

654 639 716 667 Aut
732 639 814 668 videt
831 639 861 667 in
880 649 995 676 magno
1011 648 1089 675 quae
1105 638 1258 667 clauditur
1273 646 1405 674 aequore
1423 636 1552 674 Cypros

656 688 695 716 Et
712 697 767 717 vos
783 688 834 725 qui
852 688 959 716 matris
977 689 1136 725 pharetras
1152 687 1267 724 optatis
1284 687 1396 714 habere

654 737 793 771 Munera,
811 746 867 765 vos
884 737 978 774 pueri,
996 737 1126 765 diversis
1143 736 1282 773 partibus
1299 735 1348 769 ite,

661 786 705 814 Ite
721 786 780 821 citi,
798 786 976 822 volucrique
994 786 1095 814 Euros
1113 785 1294 822 praevertite
1311 793 1435 821 penna;

656 835 695 863 Et
714 835 890 872 Nymphas,
908 845 1092 871 quocunque
1109 835 1206 863 latent
1223 835 1280 862 sub
1295 833 1426 869 gurgite,
1445 832 1560 861 nostris

659 884 766 912 Excite
783 883 930 920 imperiis,
948 883 1026 912 festo
1043 884 1114 912 huic
1130 889 1160 912 et
1176 885 1286 912 adesse
1303 883 1412 915 iubete,

655 932 726 970 Quo
743 941 803 960 non
822 932 851 960 in
869 933 957 960 terris
974 933 1090 966 melior,
1108 942 1162 961 seu
1180 941 1331 961 marmore
1348 931 1428 960 dulci

656 981 809 1009 Claudant
828 987 941 1017 stagna
958 982 1036 1015 illas,
1054 992 1107 1010 seu
1126 982 1254 1019 lympha
1271 982 1338 1010 lene
1355 979 1469 1008 fluente

658 1029 843 1058 Possideant
861 1029 955 1064 fluvii,
973 1040 1026 1058 seu
1041 1029 1111 1059 sons
1127 1035 1293 1066 argenteus
1309 1029 1380 1058 orbe

657 1078 802 1106 Detineat
820 1088 905 1115 puro,
923 1084 975 1107 aut
992 1079 1067 1107 salis
1086 1079 1220 1116 Euripus
1237 1079 1267 1106 in
1285 1078 1376 1106 undis

655 1126 871 1162 Tergeminus.
916 1128 981 1156 Vos
997 1128 1141 1156 occiduae
1159 1133 1317 1164 penetrate
1334 1136 1474 1156 recessus

655 1175 804 1213 Tethyos
822 1177 902 1205 unde
919 1186 1018 1211 genus
1035 1177 1131 1213 genti,
1149 1187 1209 1213 qua
1226 1176 1321 1204 nutrit
1340 1176 1426 1204 Ierne

658 1225 777 1253 Felices
793 1225 892 1254 Cereri
911 1226 1038 1261 glebas;
1063 1236 1118 1254 vos
1135 1226 1175 1254 ite
1192 1226 1249 1254 sub
1264 1230 1377 1259 ortum,

657 1274 799 1309 Belligeri
817 1284 877 1310 qua
895 1284 988 1310 regna
1006 1275 1063 1303 soli
1081 1275 1290 1304 crescentibus
1307 1274 1398 1303 undis

658 1322 803 1350 Verberat
821 1324 964 1351 Oceanus
979 1333 985 1357 ;
1010 1333 1065 1352 vos
1082 1334 1140 1360 qua
1158 1323 1262 1359 gravis
1281 1323 1362 1353 Ursa
1379 1323 1472 1351 nivali

658 1371 818 1399 Parrhasis
834 1378 961 1408 aspectu
978 1373 1141 1400 contristat
1159 1371 1268 1407 frigore
1285 1378 1425 1409 pontum,

658 1421 697 1448 Et
715 1420 798 1456 prius
815 1421 953 1456 ignotam
975 1422 1116 1450 Romano
1133 1422 1229 1450 milite
1246 1421 1379 1450 Thulen.

698 1469 818 1497 Efficite
836 1476 867 1498 ut
884 1476 1002 1503 coeant,
1020 1480 1097 1506 quas
1113 1471 1223 1506 glauco
1241 1470 1354 1507 Speius
1370 1475 1468 1502 antro.

655 1518 743 1555 Quas
762 1519 893 1546 Ithanus
910 1519 1012 1552 habet,
1028 1529 1106 1555 quas
1124 1519 1252 1556 Bogius,
1269 1524 1298 1548 et
1315 1518 1391 1547 freta
1408 1528 1494 1547 sacra

658 1566 823 1603 Pictorum,
842 1578 919 1604 quas
937 1568 1097 1596 Devianus
1115 1577 1175 1596 non
1193 1568 1302 1597 ultima
1319 1568 1404 1605 regni

657 1615 774 1650 Gloria,
792 1617 843 1644 sed
862 1617 1003 1653 princeps
1020 1618 1171 1646 undarum
1190 1617 1218 1645 in
1237 1617 1376 1654 partibus
1393 1617 1462 1650 illis,

655 1665 784 1692 Arcihus
802 1665 957 1702 impositis
975 1665 1044 1694 felix
1063 1671 1211 1703 portuque
1227 1667 1355 1694 decorus
1370 1675 1375 1700 ;

655 1714 742 1751 Quae
761 1714 883 1742 Donam
904 1715 1065 1751 Deamque
1082 1715 1232 1749 habitant,
1251 1715 1300 1743 ubi
1318 1715 1412 1744 divite
1428 1715 1512 1743 cultu

658 1763 779 1798 Regnat
795 1768 824 1791 et
843 1773 903 1791 una
919 1763 975 1791 sibi
995 1763 1063 1792 fecit
1081 1764 1212 1792 sacraria
1231 1764 1344 1797 Pallas,

658 1811 695 1839 lit
713 1811 836 1846 gemina
853 1821 958 1840 aereas
974 1822 1059 1841 arces
1076 1813 1249 1841 Abredonia
1266 1813 1353 1848 tollit,

654 1861 740 1897 Quae
758 1869 818 1888 non
838 1860 1007 1894 Massiliae,
1025 1871 1103 1897 quae
1120 1871 1180 1889 non
1199 1863 1379 1890 succumbat
1396 1862 1546 1896 Athenis;

661 1909 810 1936 Escorum
829 1919 905 1945 quas
923 1909 985 1945 ripa
1003 1915 1096 1944 tenet,
1114 1920 1191 1946 quas
1210 1910 1328 1939 Irvenis
1344 1921 1430 1943 urna,

658 1957 791 1985 Devehit
809 1957 926 1993 ingenti
944 1968 1022 1994 quas
1040 1958 1188 1986 Forthius
1204 1968 1305 1992 amne,
1321 1959 1444 1996 quietus

657 2007 744 2043 Quas
760 2006 877 2039 'l'ue‹la,
893 2012 922 2034 et
939 2016 1016 2043 quas
1033 2007 1140 2035 Glotta
1157 2008 1357 2036 humentibus
1373 2009 1481 2037 educat
1499 2009 1598 2043 ulnis;

659 2055 697 2083 lit
715 2055 738 2083 si
757 2066 833 2092 quae
851 2055 977 2084 invento
995 2055 1182 2092 perfundunt
1199 2067 1251 2085 ora
1268 2057 1403 2091 metallo,

659 2104 787 2139 Argenti
805 2115 865 2141 qua
881 2114 961 2133 vena
979 2104 1054 2138 fluit,
1072 2115 1132 2141 qua
1150 2105 1254 2134 Scotia
1270 2107 1383 2141 gaudet

659 2153 759 2181 Ditior
774 2158 803 2181 et
822 2153 909 2191 Lydii
928 2153 1029 2183 sontes
1046 2154 1105 2184 iam
1125 2159 1269 2192 provocat
1287 2155 1393 2183 Hermi
1409 2166 1415 2191 ;
