1883 2730
443 199 500 228 126
823 205 920 229 MUSA
946 205 1085 229 LATINA
1108 204 1404 229 ABERDONENSIS.

442 294 474 323 15
642 285 732 313 Nunc
748 290 778 314 te
794 285 901 314 siderei
918 285 1101 314 subeuntem
1119 285 1190 313 hinc
1207 285 1340 314 aetheris
1356 284 1459 312 aulam

684 333 883 371 Prosequitur
899 334 1065 372 lachrymis
1081 334 1217 363 officiosa
1234 334 1302 371 piis,

642 384 681 411 Et
697 384 851 411 tumulum
868 388 897 412 et
915 384 1034 412 tumulo
1050 390 1192 412 aeternas
1208 383 1346 412 inscribit
1363 383 1492 411 honoris

685 432 788 461 Hasce
804 437 895 460 notas
912 438 1037 461 nostrae
1053 432 1174 460 debitus
1191 432 1274 460 urbis
1290 442 1386 460 amor.

503 502 570 532 John
590 503 675 532 Craig,
696 502 719 525 b.
735 509 804 532 1512,
825 508 851 526 at
871 503 1016 533 Craigston,
1040 503 1151 533 Fintray,
1170 502 1378 526 Aberdeenshire.
1415 502 1463 525 For
1481 502 1521 525 his
1538 501 1726 532 extraordinary
1747 500 1796 524 and

439 543 562 566 romantio
574 543 679 573 history,
693 550 734 566 see
747 543 829 571 Knox,
843 551 885 574 pp.
907 545 958 572 189,
979 550 1032 572 ¹91·
1070 543 1201 567 Protested
1218 544 1320 574 against
1339 543 1380 566 the
1399 543 1479 566 banns
1497 543 1526 566 os
1540 542 1664 573 marriage
1681 543 1796 565 between

440 584 512 614 Mary
525 584 574 607 and
593 584 725 611 Bothwell,
740 585 834 615 Tytler,
854 585 887 607 iii.
902 591 956 613 250⁴
994 585 1053 607 Will
1072 585 1096 607 in
1117 584 1239 613 Melville,
1258 592 1282 615 p.
1296 591 1342 614 224
1354 592 1378 607 n.
1415 583 1544 607 Succeeds
1562 583 1642 607 Adam
1662 583 1753 606 Hariot
1771 582 1795 605 in

441 625 585 652 Aberdeem
610 625 709 656 resigns
729 626 820 656 charge
841 626 865 648 in
890 633 950 655 1579
971 634 1003 649 on
1025 626 1100 656 being
1121 625 1217 650 elected
1238 626 1351 649 minister
1373 631 1398 649 to
1416 626 1458 648 the
1479 625 1551 655 royal
1575 624 1724 652 household,
1747 623 1798 647 and

442 666 563 696 occupies
576 672 632 697 post
646 667 682 689 till
701 667 739 690 his
757 667 832 690 death
851 667 1006 698 (Kennedy's
1025 667 1134 695 Annals,
1148 667 1162 690 i.
1179 668 1241 696 115).
1278 667 1327 690 For
1346 667 1421 697 Craig
1440 666 1464 689 in
1478 666 1619 693 Aberdeen,
1633 673 1675 688 see
1695 665 1798 696 Lippe‘s

446 707 576 733 Wodrowv
590 715 613 738 p.
628 707 652 730 li.

703 830 812 861 XXV.
838 830 1140 861 ALEXANDER
1165 830 1531 861 ARBUTHNOTVS.

507 910 638 940 Gymnasii
652 911 836 934 Aberdonensis
852 912 942 934 Rector
955 916 980 934 et
992 911 1147 941 Theologus,
1163 911 1316 941 Praeceptor,
1329 911 1390 934 obiit
1405 917 1432 940 17
1445 910 1536 933 Octob.
1550 911 1598 932 An.
1613 910 1681 939 1583.

685 970 802 1004 Gratia,
823 970 925 1003 Musa,
944 970 1044 1004 Fides,
1063 971 1256 1006 Candorque,
1276 969 1440 1004 Modestia,
1458 969 1575 1002 Virtus,

726 1019 977 1056 Collachrymant
993 1028 1103 1047 omnes
1120 1019 1212 1047 unius
1228 1019 1264 1047 ad
1282 1019 1456 1047 tumulum:

689 1067 726 1095 Et
743 1068 863 1095 tumulo
881 1068 1068 1097 inscribunt:
1093 1068 1171 1096 iacet
1187 1068 1245 1096 hae
1262 1068 1318 1095 sub
1335 1067 1416 1095 mole
1433 1072 1576 1104 repostus

727 1116 781 1145 Ille
797 1117 905 1145 oculus
924 1117 1067 1153 Sophiae,
1086 1115 1143 1145 flos
1161 1117 1251 1144 simul
1270 1116 1318 1145 ille
1339 1116 1514 1149 hominum,

462 1174 478 1202 5
684 1166 752 1203 Quo
769 1175 860 1201 mage
877 1175 931 1194 nee
947 1167 1054 1194 doctae
1073 1166 1192 1199 Musae,
1210 1175 1264 1194 nec
1281 1165 1390 1194 Gratia
1407 1170 1494 1201 grata

728 1215 800 1244 Ulla
816 1215 927 1250 magis,
945 1224 1006 1251 quo
1022 1215 1063 1242 nil
1080 1214 1281 1243 candidiusve
1299 1213 1364 1242 fuit.

685 1264 773 1302 Quod
792 1264 815 1291 si
834 1270 939 1292 nostra
957 1273 1087 1300 usquam
1106 1264 1251 1292 mortales
1268 1263 1396 1291 numina
1412 1268 1528 1297 curant,

728 1312 836 1349 Usque
852 1313 927 1341 sacri
946 1313 1026 1341 vatis
1044 1313 1126 1341 sama
1143 1313 1286 1350 perennis
1302 1313 1367 1340 erit.

1102 1388 1142 1416 11.

687 1453 835 1482 Nascenti
853 1454 951 1483 lucem
968 1454 1019 1482 dat
1038 1454 1166 1482 Mernia.
1214 1453 1359 1482 Cultibus
1375 1458 1467 1488 auget

448 1512 480 1529 10
727 1502 795 1531 Fifa
812 1504 915 1538 sacris,
934 1504 1078 1540 deinceps
1096 1503 1198 1531 Gallia
1214 1503 1303 1531 docta
1321 1501 1411 1530 fovet.

687 1551 745 1580 Hic
762 1551 893 1580 Themis
910 1552 1042 1580 infundit
1060 1553 1162 1588 legum
1181 1551 1338 1589 mysteria.
1386 1549 1501 1578 Phoebi

724 1601 825 1637 Aptus
841 1611 925 1638 opes,
944 1602 1067 1637 linguas
1084 1602 1192 1629 doctus
1208 1606 1237 1629 et
1255 1606 1347 1634 astra,
1366 1599 1450 1628 redit.

685 1650 723 1678 At
740 1651 881 1678 consulta
901 1651 958 1679 Dei
977 1651 1097 1679 rediens
1114 1650 1266 1683 edisserit,
1284 1654 1428 1684 artesque

728 1699 767 1727 lit
785 1699 926 1736 sophiam
944 1705 972 1728 et
990 1700 1122 1735 linguas.
1170 1700 1289 1727 Rursus
1306 1699 1342 1726 ad
1359 1703 1442 1726 astra
1459 1698 1544 1726 redit.

1096 1773 1107 1801 I
1115 1773 1125 1801 1
1132 1773 1154 1802 Ι.

1010 1839 1189 1880 Ept'taphiu
1193 1851 1233 1871 m.

453 1919 483 1946 ¹5
813 1908 872 1946 Qui
889 1908 989 1937 lucem
1006 1918 1021 1937 e
1038 1908 1171 1937 tenebris
1188 1907 1379 1936 latebricosis

813 1957 937 1991 Eduxit,
956 1957 1053 1985 nitida
1069 1957 1229 1993 induitque
1246 1956 1330 1989 luce;

817 2006 887 2042 Ipse
904 2006 948 2034 sol
967 2006 1099 2040 radians,
1118 2006 1204 2034 iubar
1219 2014 1386 2034 coruscans

811 2055 857 2082 Ad
874 2054 1124 2091 septem-gemini
1141 2053 1266 2083 Trionis
1281 2063 1369 2082 axem
1384 2063 1390 2087 ;

811 2104 921 2132 Clarus
938 2104 1072 2139 ingenio,
1090 2103 1271 2136 eruditione,

450 2162 486 2181 20
815 2154 965 2187 Candore,
982 2153 1114 2190 eloquio,
1132 2153 1363 2189 modestiitque;
