1883 2730
431 216 474 245 60

432 360 468 387 30

433 605 468 634 35

432 849 470 876 40

429 1092 466 1120 45

428 1336 465 1364 50

427 1578 462 1607 55

427 1817 464 1842 (ιο

817 221 917 246 MUSA
942 220 1082 244 LATINA
1105 220 1402 245 ABERDONENSIS.

636 301 678 330 Ut
695 301 784 330 matri
801 301 952 338 placeant,
970 301 1140 338 glomerata
1156 301 1236 330 nube
1252 299 1399 335 feruntur,

634 350 674 378 Et
691 350 842 387 picturato
857 350 1034 378 describunt
1050 359 1120 378 aera
1135 359 1220 387 gyro.

636 400 693 428 Est
709 406 813 428 tamen
830 405 902 428 ante
918 400 996 428 alios
1013 399 1109 428 forma
1127 404 1304 436 praestante
1323 398 1474 436 Pyropus,

635 450 694 477 Ore
711 449 815 478 nitens
831 449 967 486 pulchro,
985 449 1270 485 collaudandusque
1286 448 1430 481 iuventa;

635 499 695 528 Hie
712 500 871 536 speculum
890 500 1044 528 Dominae
1061 499 1201 536 praefert,
1219 508 1279 536 quo
1297 508 1388 536 saepe
1404 503 1538 528 recurset

635 548 705 576 Oris
722 549 821 576 honos
837 553 866 577 et
884 558 974 585 saepe
990 549 1103 576 decens
1120 548 1253 576 varietur
1269 548 1382 584 imago.

677 596 804 633 lamque
819 602 883 625 erat
899 597 936 624 ad
953 597 1039 624 littus
1053 602 1189 630 ventum,
1205 605 1275 624 cum
1294 596 1399 624 mollia
1417 605 1485 624 sese

632 645 789 673 Marmora
807 646 1018 680 substernunt,
1037 655 1092 673 nec
1110 645 1170 673 iarn
1188 645 1289 682 Ceyce
1306 650 1464 681 perempto

634 694 768 730 Ingemit
787 694 957 731 Halcyone,
975 695 1027 722 sed
1044 693 1181 722 continet
1198 693 1313 722 Aeolus
1329 703 1429 727 auraS,

634 743 699 771 Nee
716 742 786 770 furit
803 742 933 770 insanus
951 743 1066 770 Boreas
1083 751 1201 770 memor
1217 741 1385 778 Orithyiae.

632 791 759 820 Praesto
775 797 840 820 erat
852 797 881 820 et
897 791 1017 824 Triton,
1033 791 1136 827 biiugo
1153 790 1296 826 delphine
1313 790 1464 826 superbus

636 840 774 877 Neptuni
791 840 923 876 liquidas
940 840 1099 867 dominam
1118 845 1261 868 vecturus
1278 839 1307 866 in
1324 839 1421 867 aulas.

634 889 720 917 Colla
738 888 810 924 iugo
827 888 970 916 subduxit
986 889 1060 922 olor,
1080 887 1278 924 Paphiaeque
1295 888 1436 916 volucres

633 937 781 964 Exultant
798 936 977 973 passimque
994 937 1023 964 in
1042 936 1122 965 sicco
1139 936 1239 964 littore
1255 936 1382 964 ludunt:

632 986 710 1014 Cum
729 986 850 1014 subitus
867 985 1013 1014 iuvenum
1032 986 1170 1022 plausus,
1188 985 1321 1022 laetique
1337 985 1490 1014 tumultus

631 1035 823 1069 Argumenta
839 1035 927 1062 deam
946 1034 1089 1068 invitant,
1105 1043 1174 1062 cum
1192 1033 1318 1062 flamine
1334 1034 1439 1062 crebro

632 1083 788 1111 Turbidus
803 1088 928 1119 apparet
945 1083 1035 1119 pictis
1051 1089 1217 1119 argenteus
1233 1083 1291 1110 alis

633 1131 739 1165 Filius,
756 1136 785 1159 et
802 1131 862 1159 iam
880 1140 974 1159 verno
993 1131 1196 1168 Hymenaeus
1213 1130 1286 1159 flore
1302 1131 1468 1161 revinctus,

632 1179 724 1208 Hunc
740 1180 884 1208 comitem
903 1189 1059 1208 sacrorum
1076 1186 1323 1216 assertoremque
1340 1180 1465 1217 pudoris

629 1229 817 1265 Cecropidae
834 1229 964 1258 thalami
983 1239 1098 1258 numen
1116 1229 1213 1258 fecere
1231 1229 1353 1266 iugalis.

672 1278 726 1305 Illa
745 1278 842 1314 prior:
856 1278 944 1316 Quae
961 1284 1024 1306 tam
1042 1278 1209 1307 manifesto
1225 1278 1339 1315 gaudia
1355 1279 1441 1307 vultu

629 1326 783 1363 Apportas
799 1327 908 1356 dilecte
925 1327 1021 1364 puer?
1048 1328 1131 1355 Num
1152 1327 1275 1356 Latmia
1294 1327 1439 1356 Phoeben

630 1375 748 1403 Rursus
766 1375 795 1403 in
812 1381 900 1404 antra
917 1376 1037 1404 trahis?
1085 1376 1222 1404 Fratrem
1240 1381 1292 1404 aut
1309 1375 1444 1412 fugiente
1462 1376 1562 1413 puella

631 1423 792 1460 Praecipiti
811 1424 924 1453 Peneia
943 1425 1024 1461 rapis
1041 1434 1092 1462 per
1108 1425 1197 1454 devia
1213 1434 1303 1453 cursu
1319 1424 1329 1452 ?

629 1472 677 1500 An
695 1473 856 1501 dominum
873 1474 949 1502 caeli
967 1479 1121 1502 mutatum
1140 1474 1170 1501 in
1187 1483 1301 1502 cornua
1319 1473 1412 1502 'sauri

631 1522 739 1550 Induis
755 1528 807 1550 aut
825 1523 926 1560 Satyri
944 1522 1052 1552 faciem
1070 1525 1082 1552 Ρ
1126 1523 1288 1560 Stygiique
1305 1523 1438 1551 latebras

630 1570 814 1599 Pertentans
831 1572 908 1606 solii,
926 1581 1045 1606 manes,
1063 1572 1215 1608 sortisque
1232 1581 1394 1609 supremae

631 1619 803 1648 Haeredem
822 1620 851 1648 in
869 1630 997 1656 superas
1013 1621 1118 1649 educis
1135 1621 1263 1649 luminis
1279 1630 1380 1655 auras,

631 1669 674 1698 Ut
691 1669 764 1698 velit
784 1669 902 1698 Ennaei
920 1670 1055 1706 genialia
1071 1669 1190 1699 foedera
1208 1670 1299 1699 lecti?

630 1718 718 1746 Certe
735 1719 848 1755 aliquid
867 1728 1016 1755 magnum
1033 1725 1089 1755 est,
1107 1719 1188 1756 quod
1205 1719 1248 1747 sic
1265 1718 1396 1748 festinus
1412 1719 1552 1748 anhelas.

629 1767 693 1795 Nec
709 1767 822 1796 frustra
838 1777 955 1796 vacuus
971 1768 1051 1803 telis,
1069 1777 1202 1804 arcuque
1219 1768 1350 1796 remisso

631 1815 712 1843 Nate
728 1815 816 1844 venis
833 1815 893 1844 fixo
909 1816 957 1844 hic
974 1816 1004 1844 in
1021 1821 1132 1844 terram
1150 1816 1276 1845 lumine.
1322 1815 1431 1848 Mater,

629 1863 797 1900 Nunquam
815 1864 950 1893 laetitiae
966 1869 1062 1899 tanta,
1079 1865 1187 1901 inquit,
1203 1874 1298 1893 eausa
1314 1874 1369 1892 nec
1387 1873 1524 1901 unquam

630 1912 704 1940 Post
721 1913 800 1941 bella
815 1913 963 1941 emeritus
980 1913 1053 1942 redii
1071 1914 1185 1942 maiore
1201 1913 1368 1949 triumpho.

628 1961 810 1997 Progeniem
829 1962 910 1990 nosti
929 1962 1162 1990 Drommondae
1179 1961 1283 1998 stirpis
1296 1962 1456 1996 honoram,

627 2011 691 2039 Nec
708 2016 736 2038 te
752 2011 879 2047 antiqua
896 2010 975 2047 fugit
992 2012 1126 2040 Setonae
1142 2011 1239 2046 gloria
1255 2010 1376 2047 gentis:

629 2059 697 2087 Has
713 2069 771 2095 ego
787 2059 941 2095 coniunxi,
959 2060 1136 2096 sparsisque
1154 2059 1182 2087 in
1201 2064 1320 2096 pectora
1336 2059 1406 2087 telis

630 2108 766 2144 Legibus
782 2114 815 2136 ut
832 2109 960 2137 thalami
978 2109 1092 2137 vellent
1109 2118 1213 2144 parere
1228 2108 1324 2144 coegi.

628 2157 683 2185 Illa
701 2157 765 2186 rudi
783 2157 881 2186 iaculo
898 2158 1066 2194 perstricta,
1083 2158 1131 2186 hic
1149 2158 1291 2194 lampade
1307 2162 1373 2186 tota
