1903 2724
68 382 100 410 Ι5

67 628 104 647 20

62 873 97 902 25

61 1118 99 1146 30

63 1362 98 1391 35

61 1608 99 1633 40

60 1853 96 1882 45

60 2100 97 2128 50

546 194 659 218 DAVID
684 194 885 218 WErmERssU
892 194 947 217 RN.

349 275 460 304 Vestra
477 276 529 304 illa
546 275 683 304 Aonides
699 275 739 304 sit
756 275 897 312 praefica,
915 280 1017 304 vestra
1035 275 1130 304 sorori

309 324 414 353 Turba
429 334 544 360 comes,
561 325 667 354 tristes
684 324 807 354 foedata
823 329 854 353 at
871 324 998 361 pulvere
1015 325 1129 353 vultus.

308 373 349 402 At
366 373 477 410 positis
494 373 560 402 sine
577 373 644 410 lege
659 373 768 408 comis,
785 378 817 401 at
834 378 971 410 syrmate
987 382 1077 400 curas

309 422 450 451 Funereo
465 427 580 451 testata
595 432 716 459 graves.
763 422 846 450 Hinc
862 431 1001 450 consona
1019 426 1158 451 moestae

308 471 376 499 Fila
392 472 475 509 lyrae
491 481 639 501 numeros
654 471 756 501 cieant
772 471 802 499 in
820 470 925 500 funere
941 471 1020 499 tanti

310 520 462 558 Principis
478 520 668 556 innumeros,
685 525 715 549 et
731 520 784 549 tali
802 521 861 550 heu
879 520 1015 557 principe
1031 520 1145 556 dignos

308 569 442 598 Fundite
458 569 543 599 ferali
559 579 630 599 cum
646 570 783 599 carmine
800 569 917 598 fundite
934 569 1035 599 fletus.

349 619 416 648 Vos
432 619 572 648 nascenti
589 619 662 648 olim
681 628 775 656 puero
790 619 875 648 velut
891 618 997 648 omnia
1014 617 1126 653 fausta,

308 667 423 696 Omnia
440 668 559 697 venturi
576 668 734 697 cecinistis
750 668 863 704 gaudia
880 668 972 697 saecli

307 717 453 746 Carmine
469 726 529 754 quo
545 717 703 754 quondam
720 716 863 746 Thetidis
881 716 1063 754 (fortissime
1082 717 1186 751 Peleu,

308 766 387 794 Cum
405 766 561 795 thalamos
578 766 720 803 ingressa
735 766 819 804 tuos)
835 766 1015 795 celebrastis
1030 775 1164 795 amores.

304 814 385 843 Tum
403 816 573 852 reparanda
590 825 689 844 novae
706 815 922 853 (meministis)
941 815 1066 843 moenia
1081 814 1203 850 Troiae,

308 863 386 900 Spes
402 869 432 892 et
448 864 597 893 Achilleis
613 864 723 893 iterum
741 864 874 901 peritura
891 864 949 892 sub
965 863 1070 894 armis.

305 912 345 941 At
363 922 434 950 spes
450 918 479 941 et
496 923 544 942 res
560 913 620 941 iarn
640 913 763 942 sublata
779 918 827 942 est
845 923 849 942 :
872 913 1008 950 principe
1024 913 1138 950 dignos

304 961 438 991 Fundite
454 961 537 990 ferali
554 971 624 991 cum
640 962 777 991 carmine
794 962 912 991 fundite
928 962 1019 992 fletus

347 1012 532 1048 Exspectata
549 1011 615 1040 dies
631 1012 746 1046 aderat,
771 1021 831 1048 qua
848 1011 926 1040 ruris
942 1012 1089 1040 alumnae

305 1059 397 1088 Dona
412 1060 509 1088 tulere
525 1069 590 1095 suo,
608 1070 688 1097 quae
704 1060 815 1097 cuique
831 1065 879 1089 est
894 1060 991 1098 copia,
1010 1060 1176 1098 Nymphae

307 1108 451 1145 Principi,
467 1114 498 1137 et
513 1109 562 1137 his
579 1109 692 1138 mistos
708 1109 832 1138 oracula
848 1110 929 1138 laeta
945 1109 1048 1139 videre

308 1157 448 1186 Faticido
464 1157 563 1186 fuerat
579 1164 754 1186 reserantes
769 1158 908 1187 carmine
926 1159 1064 1187 Faunos.

306 1206 402 1235 Laeta
419 1207 542 1244 quidem
561 1207 590 1235 in
608 1207 754 1244 speciem,
771 1207 824 1236 sed
841 1207 910 1244 quis
927 1213 1089 1244 properata
1106 1212 1222 1236 retexat

306 1255 406 1284 Fata?
434 1255 580 1293 Napaeae
596 1265 679 1293 ergo,
698 1256 908 1294 Dryadesque,
925 1262 955 1285 et
972 1257 1101 1285 numina
1125 1256 1212 1284 silvis

307 1304 390 1333 Nota
407 1304 586 1334 Caledoniis
601 1305 701 1334 caeeis
718 1306 822 1342 procul
839 1305 869 1333 in
887 1306 1030 1342 spelaeis,

306 1353 408 1390 Atque
424 1353 482 1381 Tai
500 1354 583 1382 solas
600 1354 712 1383 deserti
729 1355 767 1382 ad
784 1353 923 1383 fluminis
941 1355 1050 1391 undas,

305 1402 439 1431 Fundite
455 1401 541 1431 ferali
557 1412 627 1431 cum
644 1403 780 1432 carmine
797 1403 915 1433 fundite
931 1403 1032 1432 fletus.

343 1451 428 1489 Quin
445 1452 539 1480 etiam
556 1451 671 1481 effusae
688 1453 820 1481 nitidam
838 1463 891 1490 per
906 1453 1038 1482 candida
1054 1454 1132 1482 eolla

304 1501 482 1530 Caesariem
499 1501 635 1535 Xantho,
652 1507 682 1530 et
698 1503 905 1539 pulcherrima
923 1503 1084 1540 Deiopeia,

304 1550 552 1587 Cymodoceque,
572 1550 757 1588 Ephyreque
773 1552 866 1589 hyalo
883 1558 1021 1580 saturata
1038 1552 1146 1581 dedere

304 1599 433 1635 Vellera,
451 1605 481 1628 et
497 1599 613 1628 Oceani
631 1599 795 1636 imperium
812 1606 899 1637 pater
915 1601 982 1638 ipse
999 1602 1126 1638 parabat

302 1647 435 1676 Tradere
453 1648 630 1685 Neptunus,
648 1648 751 1677 fratris
768 1650 820 1678 sed
838 1659 965 1678 munera
983 1655 1071 1678 tanta

303 1697 396 1726 Haud
414 1698 553 1735 placuere
566 1698 646 1735 Jovi.
687 1699 753 1728 Vos
769 1699 978 1735 Oceanitides,
995 1700 1094 1728 antris

303 1747 446 1775 Secretae
461 1747 610 1781 obscuris,
627 1752 715 1776 tanto
731 1756 805 1784 ergo
822 1748 959 1785 principe
976 1748 1088 1785 dignos

305 1795 438 1824 Fundite
454 1795 538 1824 ferali
555 1805 625 1824 cum
642 1796 779 1825 carmine
795 1796 915 1826 fundite
931 1796 1033 1827 fletus.

347 1844 540 1873 Praesidium
557 1850 697 1882 ereptum
711 1846 810 1880 vobis,
824 1856 1048 1883 nemorumque
1065 1856 1220 1875 sacrorum

304 1894 503 1932 Hospitibus,
521 1895 698 1932 Phoebique
714 1895 825 1924 choro:
853 1895 1062 1934 Polyhymnia
1077 1896 1167 1925 testis

302 1942 351 1971 Tu
368 1943 445 1974 Dea.
464 1943 546 1971 Nam
562 1948 592 1972 te
609 1943 652 1972 illi
669 1950 836 1981 praeeunte
852 1945 991 1981 potentia
1007 1944 1091 1973 fandi

303 1992 437 2031 Quanta,
455 1993 481 2021 O
498 1993 571 2021 dum
588 1992 643 2021 fari
660 1993 763 2022 licuit!
792 1994 976 2030 quotiesque
993 1993 1099 2022 diserti

301 2041 388 2070 Illius
405 2041 538 2070 attonito
555 2047 739 2079 stupuerunt
756 2048 877 2079 pectore
893 2043 985 2071 verba

304 2090 423 2127 Legati,
439 2096 574 2120 aetatem
592 2091 661 2128 plus
677 2101 770 2128 quam
787 2091 948 2120 referentia
964 2091 1095 2128 primam
1109 2092 1114 2120 !

303 2139 344 2167 At
360 2149 442 2168 nunc
458 2139 508 2168 illa
526 2140 595 2169 silet
612 2150 680 2176 VOX,
697 2141 795 2169 eheu!
822 2140 957 2168 Fundite
973 2140 1085 2177 dignos

306 2189 440 2218 Fundite
457 2189 539 2218 ferali
556 2199 626 2218 cum
643 2190 780 2218 carmine
797 2188 916 2217 fundite
933 2188 1033 2218 fletus.

1364 195 1424 226 355
