<?xml version="1.0" encoding="UTF-8"?>
<!DOCTYPE html PUBLIC "-//W3C//DTD XHTML 1.0 Transitional//EN"
    "http://www.w3.org/TR/xhtml1/DTD/xhtml1-transitional.dtd">
<html xmlns="http://www.w3.org/1999/xhtml" xml:lang="en" lang="en">
 <head>
  <title>
</title>
<meta http-equiv="Content-Type" content="text/html;charset=utf-8" />
  <meta name='ocr-system' content='tesseract 3.04.00' />
  <meta name='ocr-capabilities' content='ocr_page ocr_carea ocr_par ocr_line ocrx_word'/>
</head>
<body>
  <div class='ocr_page' id='page_1' title='image "./musalatinaaberdo03gedduoft_0380.png"; bbox 0 0 1883 2730; ppageno 0'>
   <div class='ocr_carea' id='block_1_1' title="bbox 464 215 529 246">
    <p class='ocr_par' dir='ltr' id='par_1_1' title="bbox 464 215 529 246">
     <span class='ocr_line' id='line_1_1' title="bbox 464 215 529 246; baseline 0 0"><span class='ocrx_word' id='word_1_1' title='bbox 464 215 529 246; x_wconf 84' lang='lat'><strong>330</strong></span> 
     </span>
    </p>
   </div>
   <div class='ocr_carea' id='block_1_2' title="bbox 464 305 503 332">
    <p class='ocr_par' dir='ltr' id='par_1_2' title="bbox 464 305 503 332">
     <span class='ocr_line' id='line_1_2' title="bbox 464 305 503 332; baseline 0 -8"><span class='ocrx_word' id='word_1_2' title='bbox 464 305 503 332; x_wconf 84' lang='lat'><strong>90</strong></span> 
     </span>
    </p>
   </div>
   <div class='ocr_carea' id='block_1_3' title="bbox 461 550 497 578">
    <p class='ocr_par' dir='ltr' id='par_1_3' title="bbox 461 550 497 578">
     <span class='ocr_line' id='line_1_3' title="bbox 461 550 497 578; baseline 0 0"><span class='ocrx_word' id='word_1_3' title='bbox 461 550 497 578; x_wconf 89' lang='grc'><strong>95</strong></span> 
     </span>
    </p>
   </div>
   <div class='ocr_carea' id='block_1_4' title="bbox 463 795 519 814">
    <p class='ocr_par' dir='ltr' id='par_1_4' title="bbox 463 795 519 814">
     <span class='ocr_line' id='line_1_4' title="bbox 463 795 519 814; baseline 0 0"><span class='ocrx_word' id='word_1_4' title='bbox 463 795 519 814; x_wconf 91' lang='lat'><strong>100</strong></span> 
     </span>
    </p>
   </div>
   <div class='ocr_carea' id='block_1_5' title="bbox 463 1042 514 1068">
    <p class='ocr_par' dir='ltr' id='par_1_5' title="bbox 463 1042 514 1068">
     <span class='ocr_line' id='line_1_5' title="bbox 463 1042 514 1068; baseline 0 -8"><span class='ocrx_word' id='word_1_5' title='bbox 463 1042 514 1068; x_wconf 77' lang='lat'><strong>¹05</strong></span> 
     </span>
    </p>
   </div>
   <div class='ocr_carea' id='block_1_6' title="bbox 459 1126 597 1172">
    <p class='ocr_par' dir='ltr' id='par_1_6' title="bbox 459 1126 597 1172">
     <span class='ocr_line' id='line_1_6' title="bbox 459 1127 526 1172; textangle 90"><span class='ocrx_word' id='word_1_6' title='bbox 468 1167 520 1172; x_wconf 76' lang='grc' dir='ltr'>τ</span> <span class='ocrx_word' id='word_1_7' title='bbox 459 1127 526 1137; x_wconf 74' lang='lat' dir='ltr'><strong>l</strong></span> 
     </span>
     <span class='ocr_line' id='line_1_7' title="bbox 529 1126 597 1131; textangle 90"><span class='ocrx_word' id='word_1_8' title='bbox 529 1126 597 1131; x_wconf 79' lang='grc'>1</span> 
     </span>
    </p>
   </div>
   <div class='ocr_carea' id='block_1_7' title="bbox 461 1535 512 1562">
    <p class='ocr_par' dir='ltr' id='par_1_7' title="bbox 461 1535 512 1562">
     <span class='ocr_line' id='line_1_8' title="bbox 461 1535 512 1562; baseline 0.02 -10"><span class='ocrx_word' id='word_1_9' title='bbox 461 1535 512 1562; x_wconf 79' lang='grc'><strong>115</strong></span> 
     </span>
    </p>
   </div>
   <div class='ocr_carea' id='block_1_8' title="bbox 456 2025 507 2052">
    <p class='ocr_par' dir='ltr' id='par_1_8' title="bbox 456 2025 507 2052">
     <span class='ocr_line' id='line_1_9' title="bbox 456 2025 507 2052; baseline 0.02 -9"><span class='ocrx_word' id='word_1_10' title='bbox 456 2025 507 2052; x_wconf 87' lang='lat'><strong>125</strong></span> 
     </span>
    </p>
   </div>
   <div class='ocr_carea' id='block_1_9' title="bbox 857 213 1418 239">
    <p class='ocr_par' dir='ltr' id='par_1_9' title="bbox 857 213 1418 239">
     <span class='ocr_line' id='line_1_10' title="bbox 857 213 1418 239; baseline -0.004 -1"><span class='ocrx_word' id='word_1_11' title='bbox 857 215 952 239; x_wconf 63' lang='lat' dir='ltr'><strong>MUSA</strong></span> <span class='ocrx_word' id='word_1_12' title='bbox 978 215 1087 239; x_wconf 84' lang='lat' dir='ltr'><strong>LATIN</strong></span> <span class='ocrx_word' id='word_1_13' title='bbox 1093 216 1115 239; x_wconf 88' lang='lat' dir='ltr'><strong>A</strong></span> <span class='ocrx_word' id='word_1_14' title='bbox 1140 213 1418 239; x_wconf 74' lang='lat' dir='ltr'><strong>ABERDONENSIS.</strong></span> 
     </span>
    </p>
   </div>
   <div class='ocr_carea' id='block_1_10' title="bbox 694 293 1685 2148">
    <p class='ocr_par' dir='ltr' id='par_1_10' title="bbox 703 293 1598 583">
     <span class='ocr_line' id='line_1_11' title="bbox 708 293 1514 334; baseline -0.001 -10"><span class='ocrx_word' id='word_1_15' title='bbox 708 295 812 324; x_wconf 87' lang='lat' dir='ltr'><strong>Crevit</strong></span> <span class='ocrx_word' id='word_1_16' title='bbox 828 296 858 324; x_wconf 90' lang='lat' dir='ltr'><strong>in</strong></span> <span class='ocrx_word' id='word_1_17' title='bbox 875 296 1076 331; x_wconf 85' lang='lat' dir='ltr'><strong>immensum,</strong></span> <span class='ocrx_word' id='word_1_18' title='bbox 1094 306 1186 334; x_wconf 87' lang='lat' dir='ltr'><strong>quam</strong></span> <span class='ocrx_word' id='word_1_19' title='bbox 1204 305 1296 333; x_wconf 82' lang='lat' dir='ltr'><strong>saepe</strong></span> <span class='ocrx_word' id='word_1_20' title='bbox 1312 294 1423 324; x_wconf 88' lang='lat' dir='ltr'><strong>iniuria</strong></span> <span class='ocrx_word' id='word_1_21' title='bbox 1438 293 1514 323; x_wconf 84' lang='lat' dir='ltr'><strong>fovit</strong></span> 
     </span>
     <span class='ocr_line' id='line_1_12' title="bbox 706 343 1598 383; baseline -0.002 -10"><span class='ocrx_word' id='word_1_22' title='bbox 706 344 826 380; x_wconf 87' lang='lat' dir='ltr'><strong>Mutua,</strong></span> <span class='ocrx_word' id='word_1_23' title='bbox 843 346 950 381; x_wconf 87' lang='lat' dir='ltr'><strong>multa,</strong></span> <span class='ocrx_word' id='word_1_24' title='bbox 967 345 1132 383; x_wconf 83' lang='lat' dir='ltr'><strong>frequens;</strong></span> <span class='ocrx_word' id='word_1_25' title='bbox 1157 345 1295 382; x_wconf 85' lang='lat' dir='ltr'><strong>nullique</strong></span> <span class='ocrx_word' id='word_1_26' title='bbox 1311 343 1461 373; x_wconf 81' lang='lat' dir='ltr'><strong>infensior</strong></span> <span class='ocrx_word' id='word_1_27' title='bbox 1476 343 1598 380; x_wconf 86' lang='lat' dir='ltr'><strong>Anglus</strong></span> 
     </span>
     <span class='ocr_line' id='line_1_13' title="bbox 705 392 1482 431; baseline 0 -10"><span class='ocrx_word' id='word_1_28' title='bbox 705 394 808 431; x_wconf 78' lang='lat' dir='ltr'><strong>Quam</strong></span> <span class='ocrx_word' id='word_1_29' title='bbox 825 396 924 430; x_wconf 85' lang='lat' dir='ltr'><strong>Scoto,</strong></span> <span class='ocrx_word' id='word_1_30' title='bbox 941 396 1052 424; x_wconf 84' lang='lat' dir='ltr'><strong>Scotus</strong></span> <span class='ocrx_word' id='word_1_31' title='bbox 1068 395 1207 431; x_wconf 86' lang='lat' dir='ltr'><strong>nullique</strong></span> <span class='ocrx_word' id='word_1_32' title='bbox 1224 393 1365 422; x_wconf 83' lang='lat' dir='ltr'><strong>infestior</strong></span> <span class='ocrx_word' id='word_1_33' title='bbox 1380 392 1482 422; x_wconf 84' lang='lat' dir='ltr'><strong>hostis</strong></span> 
     </span>
     <span class='ocr_line' id='line_1_14' title="bbox 705 442 1577 482; baseline -0.002 -11"><span class='ocrx_word' id='word_1_34' title='bbox 705 443 809 480; x_wconf 88' lang='lat' dir='ltr'><strong>Anglo</strong></span> <span class='ocrx_word' id='word_1_35' title='bbox 825 453 918 480; x_wconf 90' lang='lat' dir='ltr'><strong>quam</strong></span> <span class='ocrx_word' id='word_1_36' title='bbox 935 443 1028 472; x_wconf 83' lang='lat' dir='ltr'><strong>fratri.</strong></span> <span class='ocrx_word' id='word_1_37' title='bbox 1072 444 1159 482; x_wconf 81' lang='lat' dir='ltr'><strong>Quos</strong></span> <span class='ocrx_word' id='word_1_38' title='bbox 1176 443 1274 472; x_wconf 83' lang='lat' dir='ltr'><strong>iunxit</strong></span> <span class='ocrx_word' id='word_1_39' title='bbox 1290 443 1388 472; x_wconf 76' lang='lat' dir='ltr'><strong>Vesta</strong></span> <span class='ocrx_word' id='word_1_40' title='bbox 1403 442 1577 477; x_wconf 82' lang='lat' dir='ltr'><strong>salumque,</strong></span> 
     </span>
     <span class='ocr_line' id='line_1_15' title="bbox 706 491 1502 528; baseline 0 -9"><span class='ocrx_word' id='word_1_41' title='bbox 706 491 879 521; x_wconf 86' lang='lat' dir='ltr'><strong>Dissidium</strong></span> <span class='ocrx_word' id='word_1_42' title='bbox 897 493 1023 528; x_wconf 85' lang='lat' dir='ltr'>discors,</span> <span class='ocrx_word' id='word_1_43' title='bbox 1040 493 1145 522; x_wconf 90' lang='lat' dir='ltr'><strong>odium</strong></span> <span class='ocrx_word' id='word_1_44' title='bbox 1162 492 1311 521; x_wconf 78' lang='lat' dir='ltr'><strong>disiunxit</strong></span> <span class='ocrx_word' id='word_1_45' title='bbox 1326 497 1355 520; x_wconf 88' lang='lat' dir='ltr'><strong>et</strong></span> <span class='ocrx_word' id='word_1_46' title='bbox 1372 500 1483 520; x_wconf 86' lang='lat' dir='ltr'><strong>amens</strong></span> <span class='ocrx_word' id='word_1_47' title='bbox 1497 500 1502 524; x_wconf 88' lang='lat'><strong>;</strong></span> 
     </span>
     <span class='ocr_line' id='line_1_16' title="bbox 703 541 1476 583; baseline -0.001 -14"><span class='ocrx_word' id='word_1_48' title='bbox 703 541 880 571; x_wconf 84' lang='lat' dir='ltr'>Concordes</span> <span class='ocrx_word' id='word_1_49' title='bbox 896 542 1004 578; x_wconf 79' lang='lat' dir='ltr'><strong>animi,</strong></span> <span class='ocrx_word' id='word_1_50' title='bbox 1020 542 1184 571; x_wconf 87' lang='lat' dir='ltr'><strong>concordia</strong></span> <span class='ocrx_word' id='word_1_51' title='bbox 1200 547 1331 578; x_wconf 85' lang='lat' dir='ltr'>pectora,</span> <span class='ocrx_word' id='word_1_52' title='bbox 1347 549 1476 583; x_wconf 79' lang='lat' dir='ltr'><strong>concors</strong></span> 
     </span>
    </p>

    <p class='ocr_par' dir='ltr' id='par_1_11' title="bbox 703 588 1685 675">
     <span class='ocr_line' id='line_1_17' title="bbox 706 588 1685 628; baseline -0.001 -10"><span class='ocrx_word' id='word_1_53' title='bbox 706 590 797 619; x_wconf 89' lang='lat' dir='ltr'><strong>Nunc</strong></span> <span class='ocrx_word' id='word_1_54' title='bbox 814 591 952 620; x_wconf 85' lang='lat' dir='ltr'><strong>studium</strong></span> <span class='ocrx_word' id='word_1_55' title='bbox 969 591 1081 628; x_wconf 82' lang='lat' dir='ltr'><strong>quibus</strong></span> <span class='ocrx_word' id='word_1_56' title='bbox 1097 597 1143 620; x_wconf 83' lang='lat' dir='ltr'><strong>est</strong></span> <span class='ocrx_word' id='word_1_57' title='bbox 1159 603 1164 625; x_wconf 91' lang='lat'>;</span> <span class='ocrx_word' id='word_1_58' title='bbox 1188 590 1336 620; x_wconf 83' lang='lat' dir='ltr'>Nemesis</span> <span class='ocrx_word' id='word_1_59' title='bbox 1352 598 1435 618; x_wconf 85' lang='lat' dir='ltr'><strong>nunc</strong></span> <span class='ocrx_word' id='word_1_60' title='bbox 1451 589 1564 622; x_wconf 79' lang='lat' dir='ltr'><strong>exulat,</strong></span> <span class='ocrx_word' id='word_1_61' title='bbox 1581 588 1639 618; x_wconf 77' lang='lat' dir='ltr'><strong>Ate</strong></span> <span class='ocrx_word' id='word_1_62' title='bbox 1656 593 1685 617; x_wconf 91' lang='lat' dir='ltr'><strong>et</strong></span> 
     </span>
     <span class='ocr_line' id='line_1_18' title="bbox 703 638 1414 675; baseline -0.001 -8"><span class='ocrx_word' id='word_1_63' title='bbox 703 639 815 675; x_wconf 80' lang='lat' dir='ltr'><strong>Exosa,</strong></span> <span class='ocrx_word' id='word_1_64' title='bbox 832 639 926 669; x_wconf 81' lang='lat' dir='ltr'><strong>exitio</strong></span> <span class='ocrx_word' id='word_1_65' title='bbox 943 640 1057 669; x_wconf 87' lang='lat' dir='ltr'><strong>Scotus</strong></span> <span class='ocrx_word' id='word_1_66' title='bbox 1073 649 1134 668; x_wconf 90' lang='lat' dir='ltr'><strong>non</strong></span> <span class='ocrx_word' id='word_1_67' title='bbox 1152 639 1294 668; x_wconf 85' lang='lat' dir='ltr'>imminet</span> <span class='ocrx_word' id='word_1_68' title='bbox 1310 638 1414 675; x_wconf 87' lang='lat' dir='ltr'><strong>Angli.</strong></span> 
     </span>
    </p>

    <p class='ocr_par' dir='ltr' id='par_1_12' title="bbox 703 687 1591 824">
     <span class='ocr_line' id='line_1_19' title="bbox 705 687 1512 725; baseline 0 -10"><span class='ocrx_word' id='word_1_69' title='bbox 705 687 787 716; x_wconf 78' lang='lat' dir='ltr'><strong>Nam</strong></span> <span class='ocrx_word' id='word_1_70' title='bbox 806 697 895 717; x_wconf 84' lang='lat' dir='ltr'><strong>mens</strong></span> <span class='ocrx_word' id='word_1_71' title='bbox 912 698 974 717; x_wconf 88' lang='lat' dir='ltr'><strong>una</strong></span> <span class='ocrx_word' id='word_1_72' title='bbox 989 689 1072 723; x_wconf 87' lang='lat' dir='ltr'><strong>viris,</strong></span> <span class='ocrx_word' id='word_1_73' title='bbox 1091 698 1141 717; x_wconf 85' lang='lat' dir='ltr'><strong>rex</strong></span> <span class='ocrx_word' id='word_1_74' title='bbox 1158 698 1246 724; x_wconf 85' lang='lat' dir='ltr'><strong>unus,</strong></span> <span class='ocrx_word' id='word_1_75' title='bbox 1265 688 1378 725; x_wconf 84' lang='lat' dir='ltr'><strong>gaudia</strong></span> <span class='ocrx_word' id='word_1_76' title='bbox 1394 692 1423 716; x_wconf 88' lang='lat' dir='ltr'><strong>et</strong></span> <span class='ocrx_word' id='word_1_77' title='bbox 1440 696 1512 721; x_wconf 89' lang='lat' dir='ltr'><strong>una,</strong></span> 
     </span>
     <span class='ocr_line' id='line_1_20' title="bbox 706 735 1591 775; baseline -0.002 -10"><span class='ocrx_word' id='word_1_78' title='bbox 706 736 811 765; x_wconf 90' lang='lat' dir='ltr'><strong>Unum</strong></span> <span class='ocrx_word' id='word_1_79' title='bbox 829 737 933 766; x_wconf 88' lang='lat' dir='ltr'><strong>odium</strong></span> <span class='ocrx_word' id='word_1_80' title='bbox 950 743 1100 772; x_wconf 78' lang='lat' dir='ltr'><strong>exercent,</strong></span> <span class='ocrx_word' id='word_1_81' title='bbox 1117 738 1230 775; x_wconf 89' lang='lat' dir='ltr'><strong>quique</strong></span> <span class='ocrx_word' id='word_1_82' title='bbox 1246 738 1304 766; x_wconf 91' lang='lat' dir='ltr'><strong>hoc</strong></span> <span class='ocrx_word' id='word_1_83' title='bbox 1320 737 1350 765; x_wconf 90' lang='lat' dir='ltr'><strong>in</strong></span> <span class='ocrx_word' id='word_1_84' title='bbox 1366 736 1456 765; x_wconf 88' lang='lat' dir='ltr'><strong>tertio</strong></span> <span class='ocrx_word' id='word_1_85' title='bbox 1471 735 1591 772; x_wconf 88' lang='lat' dir='ltr'><strong>utrique</strong></span> 
     </span>
     <span class='ocr_line' id='line_1_21' title="bbox 703 786 1455 824; baseline 0 -10"><span class='ocrx_word' id='word_1_86' title='bbox 703 786 901 816; x_wconf 85' lang='lat' dir='ltr'><strong>Conveniunt</strong></span> <span class='ocrx_word' id='word_1_87' title='bbox 917 797 986 816; x_wconf 80' lang='lat' dir='ltr'><strong>sese</strong></span> <span class='ocrx_word' id='word_1_88' title='bbox 1001 788 1162 816; x_wconf 88' lang='lat' dir='ltr'><strong>concordia</strong></span> <span class='ocrx_word' id='word_1_89' title='bbox 1180 792 1302 824; x_wconf 80' lang='lat' dir='ltr'>pectora</span> <span class='ocrx_word' id='word_1_90' title='bbox 1319 787 1455 814; x_wconf 87' lang='lat' dir='ltr'><strong>mulcent</strong></span> 
     </span>
    </p>

    <p class='ocr_par' dir='ltr' id='par_1_13' title="bbox 704 836 1501 923">
     <span class='ocr_line' id='line_1_22' title="bbox 704 836 1501 874; baseline 0.001 -11"><span class='ocrx_word' id='word_1_91' title='bbox 704 836 796 871; x_wconf 83' lang='lat' dir='ltr'><strong>Inter,</strong></span> <span class='ocrx_word' id='word_1_92' title='bbox 813 842 843 866; x_wconf 88' lang='lat' dir='ltr'><strong>et</strong></span> <span class='ocrx_word' id='word_1_93' title='bbox 860 837 1040 866; x_wconf 85' lang='lat' dir='ltr'><strong>unanimem</strong></span> <span class='ocrx_word' id='word_1_94' title='bbox 1059 847 1111 874; x_wconf 88' lang='lat' dir='ltr'><strong>per</strong></span> <span class='ocrx_word' id='word_1_95' title='bbox 1127 837 1230 866; x_wconf 84' lang='lat' dir='ltr'><strong>secula</strong></span> <span class='ocrx_word' id='word_1_96' title='bbox 1247 836 1378 874; x_wconf 86' lang='lat' dir='ltr'><strong>plurima</strong></span> <span class='ocrx_word' id='word_1_97' title='bbox 1395 845 1501 872; x_wconf 82' lang='lat' dir='ltr'><strong>pacem</strong></span> 
     </span>
     <span class='ocr_line' id='line_1_23' title="bbox 704 885 1368 923; baseline 0 -10"><span class='ocrx_word' id='word_1_98' title='bbox 704 885 822 923; x_wconf 84' lang='lat' dir='ltr'><strong>(thue</strong></span> <span class='ocrx_word' id='word_1_99' title='bbox 839 895 901 914; x_wconf 91' lang='lat' dir='ltr'><strong>uno</strong></span> <span class='ocrx_word' id='word_1_100' title='bbox 917 886 977 915; x_wconf 87' lang='lat' dir='ltr'><strong>cari</strong></span> <span class='ocrx_word' id='word_1_101' title='bbox 995 887 1059 915; x_wconf 76' lang='lat' dir='ltr'><strong>nati</strong></span> <span class='ocrx_word' id='word_1_102' title='bbox 1076 887 1215 923; x_wconf 80' lang='lat' dir='ltr'><strong>genitore</strong></span> <span class='ocrx_word' id='word_1_103' title='bbox 1232 886 1368 923; x_wconf 81' lang='lat' dir='ltr'><strong>gemelli)</strong></span> 
     </span>
    </p>

    <p class='ocr_par' dir='ltr' id='par_1_14' title="bbox 703 934 1429 974">
     <span class='ocr_line' id='line_1_24' title="bbox 703 934 1429 974; baseline 0.003 -12"><span class='ocrx_word' id='word_1_104' title='bbox 703 934 830 964; x_wconf 84' lang='lat' dir='ltr'><strong>Vicinae</strong></span> <span class='ocrx_word' id='word_1_105' title='bbox 846 941 957 972; x_wconf 81' lang='lat' dir='ltr'><strong>gentes</strong></span> <span class='ocrx_word' id='word_1_106' title='bbox 975 936 1044 974; x_wconf 88' lang='lat' dir='ltr'>(hoc</span> <span class='ocrx_word' id='word_1_107' title='bbox 1063 936 1101 964; x_wconf 90' lang='lat' dir='ltr'><strong>Di</strong></span> <span class='ocrx_word' id='word_1_108' title='bbox 1118 936 1256 973; x_wconf 60' lang='lat' dir='ltr'><strong>volucre)</strong></span> <span class='ocrx_word' id='word_1_109' title='bbox 1272 934 1429 964; x_wconf 78' lang='lat' dir='ltr'><strong>fovebunt.</strong></span> 
     </span>
    </p>

    <p class='ocr_par' dir='ltr' id='par_1_15' title="bbox 701 983 1566 1168">
     <span class='ocr_line' id='line_1_25' title="bbox 701 983 1547 1021; baseline -0.001 -9"><span class='ocrx_word' id='word_1_110' title='bbox 701 983 782 1012; x_wconf 79' lang='lat' dir='ltr'><strong>Grex</strong></span> <span class='ocrx_word' id='word_1_111' title='bbox 793 987 800 1001; x_wconf 92' lang='lat'>¹</span> <span class='ocrx_word' id='word_1_112' title='bbox 817 989 847 1013; x_wconf 93' lang='lat' dir='ltr'><strong>et</strong></span> <span class='ocrx_word' id='word_1_113' title='bbox 862 990 990 1021; x_wconf 87' lang='lat' dir='ltr'><strong>uterque</strong></span> <span class='ocrx_word' id='word_1_114' title='bbox 1007 985 1049 1013; x_wconf 93' lang='lat' dir='ltr'><strong>illi</strong></span> <span class='ocrx_word' id='word_1_115' title='bbox 1067 985 1170 1020; x_wconf 83' lang='lat' dir='ltr'><strong>servit,</strong></span> <span class='ocrx_word' id='word_1_116' title='bbox 1188 994 1238 1014; x_wconf 78' lang='lat' dir='ltr'><strong>rex</strong></span> <span class='ocrx_word' id='word_1_117' title='bbox 1255 989 1357 1013; x_wconf 77' lang='lat' dir='ltr'><strong>servat</strong></span> <span class='ocrx_word' id='word_1_118' title='bbox 1373 989 1547 1020; x_wconf 84' lang='lat' dir='ltr'><strong>utrumque,</strong></span> 
     </span>
     <span class='ocr_line' id='line_1_26' title="bbox 703 1032 1566 1071; baseline 0 -11"><span class='ocrx_word' id='word_1_119' title='bbox 703 1032 794 1062; x_wconf 84' lang='lat' dir='ltr'><strong>Paret</strong></span> <span class='ocrx_word' id='word_1_120' title='bbox 810 1039 938 1070; x_wconf 84' lang='lat' dir='ltr'><strong>uterque</strong></span> <span class='ocrx_word' id='word_1_121' title='bbox 954 1034 1022 1062; x_wconf 88' lang='lat' dir='ltr'><strong>duci</strong></span> <span class='ocrx_word' id='word_1_122' title='bbox 1040 1034 1183 1071; x_wconf 82' lang='lat' dir='ltr'><strong>populus,</strong></span> <span class='ocrx_word' id='word_1_123' title='bbox 1199 1034 1259 1062; x_wconf 77' lang='lat' dir='ltr'><strong>dux</strong></span> <span class='ocrx_word' id='word_1_124' title='bbox 1277 1033 1375 1070; x_wconf 84' lang='lat' dir='ltr'><strong>pascit</strong></span> <span class='ocrx_word' id='word_1_125' title='bbox 1391 1038 1566 1069; x_wconf 83' lang='lat' dir='ltr'><strong>utrumque,</strong></span> 
     </span>
     <span class='ocr_line' id='line_1_27' title="bbox 702 1081 1526 1120; baseline 0 -11"><span class='ocrx_word' id='word_1_126' title='bbox 702 1081 815 1118; x_wconf 78' lang='lat' dir='ltr'><strong>Dirigit</strong></span> <span class='ocrx_word' id='word_1_127' title='bbox 832 1082 881 1111; x_wconf 85' lang='lat' dir='ltr'><strong>ille</strong></span> <span class='ocrx_word' id='word_1_128' title='bbox 897 1091 1023 1119; x_wconf 81' lang='lat' dir='ltr'><strong>gregem</strong></span> <span class='ocrx_word' id='word_1_129' title='bbox 1042 1082 1207 1120; x_wconf 85' lang='lat' dir='ltr'><strong>proprium,</strong></span> <span class='ocrx_word' id='word_1_130' title='bbox 1225 1092 1297 1119; x_wconf 80' lang='lat' dir='ltr'><strong>grex</strong></span> <span class='ocrx_word' id='word_1_131' title='bbox 1313 1081 1413 1117; x_wconf 82' lang='lat' dir='ltr'><strong>diligit</strong></span> <span class='ocrx_word' id='word_1_132' title='bbox 1430 1081 1526 1110; x_wconf 84' lang='lat' dir='ltr'><strong>illum.</strong></span> 
     </span>
     <span class='ocr_line' id='line_1_28' title="bbox 704 1131 1455 1168; baseline 0.001 -10"><span class='ocrx_word' id='word_1_133' title='bbox 704 1131 758 1159; x_wconf 88' lang='lat' dir='ltr'><strong>Ille</strong></span> <span class='ocrx_word' id='word_1_134' title='bbox 773 1141 878 1160; x_wconf 84' lang='lat' dir='ltr'><strong>cruces</strong></span> <span class='ocrx_word' id='word_1_135' title='bbox 895 1132 1038 1168; x_wconf 77' lang='lat' dir='ltr'><strong>geminas</strong></span> <span class='ocrx_word' id='word_1_136' title='bbox 1054 1132 1144 1168; x_wconf 81' lang='lat' dir='ltr'><strong>signo</strong></span> <span class='ocrx_word' id='word_1_137' title='bbox 1160 1131 1319 1160; x_wconf 85' lang='lat' dir='ltr'><strong>coniunxit</strong></span> <span class='ocrx_word' id='word_1_138' title='bbox 1336 1131 1365 1159; x_wconf 89' lang='lat' dir='ltr'><strong>in</strong></span> <span class='ocrx_word' id='word_1_139' title='bbox 1383 1140 1455 1164; x_wconf 87' lang='lat' dir='ltr'><strong>uno,</strong></span> 
     </span>
    </p>

    <p class='ocr_par' dir='ltr' id='par_1_16' title="bbox 702 1180 1503 1315">
     <span class='ocr_line' id='line_1_29' title="bbox 703 1180 1503 1217; baseline 0 -9"><span class='ocrx_word' id='word_1_140' title='bbox 703 1180 799 1209; x_wconf 90' lang='lat' dir='ltr'><strong>Linea</strong></span> <span class='ocrx_word' id='word_1_141' title='bbox 816 1185 844 1208; x_wconf 88' lang='lat' dir='ltr'><strong>et</strong></span> <span class='ocrx_word' id='word_1_142' title='bbox 861 1180 932 1209; x_wconf 88' lang='lat' dir='ltr'><strong>hinc</strong></span> <span class='ocrx_word' id='word_1_143' title='bbox 949 1181 1047 1217; x_wconf 86' lang='lat' dir='ltr'><strong>surgit</strong></span> <span class='ocrx_word' id='word_1_144' title='bbox 1064 1180 1163 1217; x_wconf 82' lang='lat' dir='ltr'><strong>signis</strong></span> <span class='ocrx_word' id='word_1_145' title='bbox 1180 1180 1327 1217; x_wconf 87' lang='lat' dir='ltr'><strong>inscripta</strong></span> <span class='ocrx_word' id='word_1_146' title='bbox 1343 1185 1503 1217; x_wconf 82' lang='lat' dir='ltr'><strong>quaterna,</strong></span> 
     </span>
     <span class='ocr_line' id='line_1_30' title="bbox 702 1229 1491 1265; baseline 0 -9"><span class='ocrx_word' id='word_1_147' title='bbox 702 1229 855 1265; x_wconf 83' lang='lat' dir='ltr'><strong>Obliquae</strong></span> <span class='ocrx_word' id='word_1_148' title='bbox 871 1229 1024 1265; x_wconf 70' lang='lat' dir='ltr'><strong>geminae,</strong></span> <span class='ocrx_word' id='word_1_149' title='bbox 1041 1234 1218 1258; x_wconf 74' lang='lat' dir='ltr'><strong>transversa</strong></span> <span class='ocrx_word' id='word_1_150' title='bbox 1235 1234 1282 1258; x_wconf 84' lang='lat' dir='ltr'><strong>est</strong></span> <span class='ocrx_word' id='word_1_151' title='bbox 1299 1229 1379 1258; x_wconf 84' lang='lat' dir='ltr'><strong>linea</strong></span> <span class='ocrx_word' id='word_1_152' title='bbox 1396 1234 1491 1264; x_wconf 87' lang='lat' dir='ltr'><strong>terna,</strong></span> 
     </span>
     <span class='ocr_line' id='line_1_31' title="bbox 702 1277 1429 1315; baseline -0.003 -8"><span class='ocrx_word' id='word_1_153' title='bbox 702 1277 1026 1315; x_wconf 58' lang='lat' dir='ltr'><strong>Ultima&#39;dependens,</strong></span> <span class='ocrx_word' id='word_1_154' title='bbox 1044 1278 1185 1307; x_wconf 82' lang='lat' dir='ltr'><strong>Andreae</strong></span> <span class='ocrx_word' id='word_1_155' title='bbox 1201 1278 1298 1306; x_wconf 77' lang='lat' dir='ltr'><strong>mixta</strong></span> <span class='ocrx_word' id='word_1_156' title='bbox 1315 1278 1429 1313; x_wconf 74' lang='lat' dir='ltr'><strong>Georgi</strong></span> 
     </span>
    </p>

    <p class='ocr_par' dir='ltr' id='par_1_17' title="bbox 700 1327 1641 1511">
     <span class='ocr_line' id='line_1_32' title="bbox 701 1327 1532 1356; baseline 0 -2"><span class='ocrx_word' id='word_1_157' title='bbox 701 1327 782 1355; x_wconf 80' lang='lat' dir='ltr'><strong>Crux</strong></span> <span class='ocrx_word' id='word_1_158' title='bbox 798 1332 863 1356; x_wconf 83' lang='lat' dir='ltr'><strong>est:</strong></span> <span class='ocrx_word' id='word_1_159' title='bbox 888 1327 937 1355; x_wconf 88' lang='lat' dir='ltr'><strong>hic</strong></span> <span class='ocrx_word' id='word_1_160' title='bbox 954 1327 1064 1356; x_wconf 88' lang='lat' dir='ltr'><strong>iterum</strong></span> <span class='ocrx_word' id='word_1_161' title='bbox 1082 1327 1252 1355; x_wconf 82' lang='lat' dir='ltr'><strong>miscentur</strong></span> <span class='ocrx_word' id='word_1_162' title='bbox 1269 1327 1399 1355; x_wconf 88' lang='lat' dir='ltr'><strong>candida</strong></span> <span class='ocrx_word' id='word_1_163' title='bbox 1416 1327 1532 1355; x_wconf 82' lang='lat' dir='ltr'><strong>rubris:</strong></span> 
     </span>
     <span class='ocr_line' id='line_1_33' title="bbox 702 1375 1641 1412; baseline -0.001 -8"><span class='ocrx_word' id='word_1_164' title='bbox 702 1375 851 1411; x_wconf 81' lang='lat' dir='ltr'><strong>Candida,</strong></span> <span class='ocrx_word' id='word_1_165' title='bbox 869 1376 958 1404; x_wconf 86' lang='lat' dir='ltr'><strong>rubra</strong></span> <span class='ocrx_word' id='word_1_166' title='bbox 975 1376 1068 1404; x_wconf 85' lang='lat' dir='ltr'><strong>etiam</strong></span> <span class='ocrx_word' id='word_1_167' title='bbox 1087 1376 1111 1404; x_wconf 80' lang='lat' dir='ltr'><strong>si</strong></span> <span class='ocrx_word' id='word_1_168' title='bbox 1129 1381 1236 1404; x_wconf 87' lang='lat' dir='ltr'><strong>nostra</strong></span> <span class='ocrx_word' id='word_1_169' title='bbox 1253 1375 1424 1410; x_wconf 84' lang='lat' dir='ltr'><strong>Britannia,</strong></span> <span class='ocrx_word' id='word_1_170' title='bbox 1442 1375 1568 1412; x_wconf 86' lang='lat' dir='ltr'><strong>pulchra</strong></span> <span class='ocrx_word' id='word_1_171' title='bbox 1585 1381 1641 1404; x_wconf 79' lang='lat' dir='ltr'><strong>est.</strong></span> 
     </span>
     <span class='ocr_line' id='line_1_34' title="bbox 703 1424 1445 1462; baseline -0.001 -9"><span class='ocrx_word' id='word_1_172' title='bbox 703 1425 819 1453; x_wconf 77' lang='lat' dir='ltr'><strong>Nescio</strong></span> <span class='ocrx_word' id='word_1_173' title='bbox 836 1427 895 1461; x_wconf 72' lang='lat' dir='ltr'><strong>qua</strong></span> <span class='ocrx_word' id='word_1_174' title='bbox 912 1425 1015 1453; x_wconf 85' lang='lat' dir='ltr'><strong>natale</strong></span> <span class='ocrx_word' id='word_1_175' title='bbox 1032 1425 1132 1453; x_wconf 88' lang='lat' dir='ltr'><strong>solum</strong></span> <span class='ocrx_word' id='word_1_176' title='bbox 1151 1425 1326 1458; x_wconf 70' lang='lat' dir='ltr'><strong>(Salmonia</strong></span> <span class='ocrx_word' id='word_1_177' title='bbox 1342 1433 1413 1453; x_wconf 88' lang='lat' dir='ltr'><strong>cura</strong></span> <span class='ocrx_word' id='word_1_178' title='bbox 1429 1424 1445 1462; x_wconf 68' lang='grc' dir='ltr'><strong>Υ)</strong></span> 
     </span>
     <span class='ocr_line' id='line_1_35' title="bbox 700 1473 1460 1511; baseline 0 -10"><span class='ocrx_word' id='word_1_179' title='bbox 700 1474 842 1510; x_wconf 73' lang='lat' dir='ltr'><strong>Ingenita</strong></span> <span class='ocrx_word' id='word_1_180' title='bbox 859 1473 961 1502; x_wconf 77' lang='lat' dir='ltr'><strong>allexit</strong></span> <span class='ocrx_word' id='word_1_181' title='bbox 979 1483 1081 1509; x_wconf 66' lang='lat' dir='ltr'><strong>regem</strong></span> <span class='ocrx_word' id='word_1_182' title='bbox 1099 1474 1269 1508; x_wconf 85' lang='lat' dir='ltr'><strong>dulcedine,</strong></span> <span class='ocrx_word' id='word_1_183' title='bbox 1287 1474 1460 1511; x_wconf 85' lang='lat' dir='ltr'><strong>Sceptrum‚</strong></span> 
     </span>
    </p>

    <p class='ocr_par' dir='ltr' id='par_1_18' title="bbox 698 1523 1486 1606">
     <span class='ocr_line' id='line_1_36' title="bbox 702 1523 1486 1557; baseline -0.001 -5"><span class='ocrx_word' id='word_1_184' title='bbox 702 1524 745 1553; x_wconf 89' lang='lat' dir='ltr'><strong>Ut</strong></span> <span class='ocrx_word' id='word_1_185' title='bbox 762 1524 860 1552; x_wconf 74' lang='lat' dir='ltr'><strong>clavo</strong></span> <span class='ocrx_word' id='word_1_186' title='bbox 875 1524 1022 1552; x_wconf 83' lang='lat' dir='ltr'><strong>admotus</strong></span> <span class='ocrx_word' id='word_1_187' title='bbox 1040 1533 1149 1557; x_wconf 88' lang='lat' dir='ltr'><strong>rerum,</strong></span> <span class='ocrx_word' id='word_1_188' title='bbox 1168 1525 1342 1552; x_wconf 88' lang='lat' dir='ltr'><strong>moderetur</strong></span> <span class='ocrx_word' id='word_1_189' title='bbox 1357 1523 1486 1557; x_wconf 80' lang='lat' dir='ltr'><strong>avitum,</strong></span> 
     </span>
     <span class='ocr_line' id='line_1_37' title="bbox 698 1572 1386 1606; baseline -0.003 -4"><span class='ocrx_word' id='word_1_190' title='bbox 698 1572 824 1602; x_wconf 86' lang='lat' dir='ltr'><strong>Solenni</strong></span> <span class='ocrx_word' id='word_1_191' title='bbox 842 1577 874 1600; x_wconf 90' lang='lat' dir='ltr'><strong>ut</strong></span> <span class='ocrx_word' id='word_1_192' title='bbox 892 1572 949 1600; x_wconf 77' lang='lat' dir='ltr'><strong>ritu</strong></span> <span class='ocrx_word' id='word_1_193' title='bbox 967 1581 1087 1600; x_wconf 79' lang='lat' dir='ltr'><strong>sacrum</strong></span> <span class='ocrx_word' id='word_1_194' title='bbox 1105 1573 1256 1606; x_wconf 82' lang='lat' dir='ltr'><strong>diadema,</strong></span> <span class='ocrx_word' id='word_1_195' title='bbox 1274 1582 1386 1601; x_wconf 87' lang='lat' dir='ltr'><strong>corona</strong></span> 
     </span>
    </p>

    <p class='ocr_par' dir='ltr' id='par_1_19' title="bbox 697 1621 1518 1707">
     <span class='ocr_line' id='line_1_38' title="bbox 699 1621 1518 1658; baseline 0 -8"><span class='ocrx_word' id='word_1_196' title='bbox 699 1621 811 1650; x_wconf 83' lang='lat' dir='ltr'><strong>Debita</strong></span> <span class='ocrx_word' id='word_1_197' title='bbox 827 1630 878 1658; x_wconf 84' lang='lat' dir='ltr'><strong>per</strong></span> <span class='ocrx_word' id='word_1_198' title='bbox 896 1621 1004 1650; x_wconf 86' lang='lat' dir='ltr'><strong>seriem</strong></span> <span class='ocrx_word' id='word_1_199' title='bbox 1023 1623 1171 1658; x_wconf 66' lang='lat' dir='ltr'><strong>proavum</strong></span> <span class='ocrx_word' id='word_1_200' title='bbox 1189 1627 1233 1650; x_wconf 89' lang='lat' dir='ltr'><strong>tot</strong></span> <span class='ocrx_word' id='word_1_201' title='bbox 1249 1626 1389 1658; x_wconf 89' lang='lat' dir='ltr'><strong>tempora</strong></span> <span class='ocrx_word' id='word_1_202' title='bbox 1406 1621 1518 1657; x_wconf 77' lang='lat' dir='ltr'><strong>cingat.</strong></span> 
     </span>
     <span class='ocr_line' id='line_1_39' title="bbox 697 1669 1397 1707; baseline -0.001 -8"><span class='ocrx_word' id='word_1_203' title='bbox 697 1671 804 1699; x_wconf 88' lang='lat' dir='ltr'><strong>Visere</strong></span> <span class='ocrx_word' id='word_1_204' title='bbox 820 1669 946 1705; x_wconf 71' lang='lat' dir='ltr'><strong>gestivit</strong></span> <span class='ocrx_word' id='word_1_205' title='bbox 963 1670 1085 1698; x_wconf 87' lang='lat' dir='ltr'><strong>Clarius</strong></span> <span class='ocrx_word' id='word_1_206' title='bbox 1102 1670 1267 1707; x_wconf 86' lang='lat' dir='ltr'><strong>primordia</strong></span> <span class='ocrx_word' id='word_1_207' title='bbox 1285 1670 1397 1703; x_wconf 72' lang='lat' dir='ltr'><strong>Delon,</strong></span> 
     </span>
    </p>

    <p class='ocr_par' dir='ltr' id='par_1_20' title="bbox 696 1718 1508 1854">
     <span class='ocr_line' id='line_1_40' title="bbox 700 1718 1508 1756; baseline -0.002 -8"><span class='ocrx_word' id='word_1_208' title='bbox 700 1719 810 1756; x_wconf 86' lang='lat' dir='ltr'><strong>Sicque</strong></span> <span class='ocrx_word' id='word_1_209' title='bbox 828 1718 1031 1755; x_wconf 80' lang='lat' dir='ltr'><strong>sagittiferam</strong></span> <span class='ocrx_word' id='word_1_210' title='bbox 1049 1719 1199 1748; x_wconf 85' lang='lat' dir='ltr'><strong>Cronides</strong></span> <span class='ocrx_word' id='word_1_211' title='bbox 1215 1719 1368 1748; x_wconf 83' lang='lat' dir='ltr'><strong>cunabula</strong></span> <span class='ocrx_word' id='word_1_212' title='bbox 1386 1719 1508 1748; x_wconf 83' lang='lat' dir='ltr'><strong>Cretam</strong></span> 
     </span>
     <span class='ocr_line' id='line_1_41' title="bbox 700 1767 1425 1806; baseline -0.001 -9"><span class='ocrx_word' id='word_1_213' title='bbox 700 1769 816 1806; x_wconf 85' lang='lat' dir='ltr'><strong>Iupiter</strong></span> <span class='ocrx_word' id='word_1_214' title='bbox 832 1768 938 1796; x_wconf 86' lang='lat' dir='ltr'><strong>invisit</strong></span> <span class='ocrx_word' id='word_1_215' title='bbox 954 1768 1067 1801; x_wconf 88' lang='lat' dir='ltr'><strong>crebro,</strong></span> <span class='ocrx_word' id='word_1_216' title='bbox 1086 1768 1203 1796; x_wconf 86' lang='lat' dir='ltr'><strong>Samon</strong></span> <span class='ocrx_word' id='word_1_217' title='bbox 1221 1768 1303 1796; x_wconf 88' lang='lat' dir='ltr'><strong>alma</strong></span> <span class='ocrx_word' id='word_1_218' title='bbox 1320 1767 1425 1796; x_wconf 82' lang='lat' dir='ltr'><strong>revisit</strong></span> 
     </span>
     <span class='ocr_line' id='line_1_42' title="bbox 696 1817 1382 1854; baseline -0.001 -8"><span class='ocrx_word' id='word_1_219' title='bbox 696 1818 870 1846; x_wconf 76' lang='lat' dir='ltr'><strong>Threiciam</strong></span> <span class='ocrx_word' id='word_1_220' title='bbox 889 1817 976 1852; x_wconf 81' lang='lat' dir='ltr'><strong>Iuno,</strong></span> <span class='ocrx_word' id='word_1_221' title='bbox 994 1817 1110 1854; x_wconf 85' lang='lat' dir='ltr'><strong>primae</strong></span> <span class='ocrx_word' id='word_1_222' title='bbox 1123 1817 1274 1854; x_wconf 82' lang='lat' dir='ltr'><strong>spiracula</strong></span> <span class='ocrx_word' id='word_1_223' title='bbox 1291 1817 1382 1846; x_wconf 82' lang='lat' dir='ltr'><strong>vitae.</strong></span> 
     </span>
    </p>

    <p class='ocr_par' dir='ltr' id='par_1_21' title="bbox 696 1866 1383 1900">
     <span class='ocr_line' id='line_1_43' title="bbox 696 1866 1383 1900; baseline -0.001 -5"><span class='ocrx_word' id='word_1_224' title='bbox 696 1867 765 1895; x_wconf 82' lang='lat' dir='ltr'><strong>Nos</strong></span> <span class='ocrx_word' id='word_1_225' title='bbox 781 1875 863 1894; x_wconf 92' lang='lat' dir='ltr'><strong>nunc</strong></span> <span class='ocrx_word' id='word_1_226' title='bbox 879 1866 994 1895; x_wconf 70' lang='grc' dir='ltr'>σκότεος</span> <span class='ocrx_word' id='word_1_227' title='bbox 1011 1866 1094 1894; x_wconf 85' lang='lat' dir='ltr'><strong>Scoti</strong></span> <span class='ocrx_word' id='word_1_228' title='bbox 1111 1866 1266 1895; x_wconf 77' lang='lat' dir='ltr'><strong>velamine</strong></span> <span class='ocrx_word' id='word_1_229' title='bbox 1282 1866 1383 1900; x_wconf 69' lang='lat' dir='ltr'><strong>cincti,</strong></span> 
     </span>
    </p>

    <p class='ocr_par' dir='ltr' id='par_1_22' title="bbox 696 1915 1560 2001">
     <span class='ocr_line' id='line_1_44' title="bbox 696 1915 1560 1954; baseline 0.002 -10"><span class='ocrx_word' id='word_1_230' title='bbox 696 1916 852 1954; x_wconf 79' lang='lat' dir='ltr'><strong>Quamdiu</strong></span> <span class='ocrx_word' id='word_1_231' title='bbox 869 1920 956 1951; x_wconf 82' lang='lat' dir='ltr'><strong>grata</strong></span> <span class='ocrx_word' id='word_1_232' title='bbox 973 1915 1039 1944; x_wconf 88' lang='lat' dir='ltr'><strong>solo</strong></span> <span class='ocrx_word' id='word_1_233' title='bbox 1056 1915 1149 1944; x_wconf 88' lang='lat' dir='ltr'><strong>facies</strong></span> <span class='ocrx_word' id='word_1_234' title='bbox 1167 1925 1228 1944; x_wconf 90' lang='lat' dir='ltr'><strong>non</strong></span> <span class='ocrx_word' id='word_1_235' title='bbox 1247 1916 1363 1944; x_wconf 83' lang='lat' dir='ltr'><strong>reddita</strong></span> <span class='ocrx_word' id='word_1_236' title='bbox 1380 1922 1487 1945; x_wconf 86' lang='lat' dir='ltr'><strong>nostro</strong></span> <span class='ocrx_word' id='word_1_237' title='bbox 1503 1922 1560 1946; x_wconf 86' lang='lat' dir='ltr'><strong>est.</strong></span> 
     </span>
     <span class='ocr_line' id='line_1_45' title="bbox 696 1964 1365 2001; baseline -0.001 -8"><span class='ocrx_word' id='word_1_238' title='bbox 696 1965 786 1994; x_wconf 81' lang='lat' dir='ltr'><strong>Delia</strong></span> <span class='ocrx_word' id='word_1_239' title='bbox 803 1964 846 1992; x_wconf 83' lang='lat' dir='ltr'><strong>sic</strong></span> <span class='ocrx_word' id='word_1_240' title='bbox 862 1964 983 2001; x_wconf 86' lang='lat' dir='ltr'><strong>pallens</strong></span> <span class='ocrx_word' id='word_1_241' title='bbox 1000 1965 1085 2000; x_wconf 77' lang='lat' dir='ltr'><strong>luget</strong></span> <span class='ocrx_word' id='word_1_242' title='bbox 1103 1964 1127 1992; x_wconf 79' lang='lat' dir='ltr'><strong>si</strong></span> <span class='ocrx_word' id='word_1_243' title='bbox 1147 1964 1256 1993; x_wconf 85' lang='lat' dir='ltr'><strong>Delius</strong></span> <span class='ocrx_word' id='word_1_244' title='bbox 1272 1965 1365 1998; x_wconf 82' lang='lat' dir='ltr'><strong>absit,</strong></span> 
     </span>
    </p>

    <p class='ocr_par' dir='ltr' id='par_1_23' title="bbox 694 2013 1453 2148">
     <span class='ocr_line' id='line_1_46' title="bbox 695 2013 1380 2050; baseline 0.001 -9"><span class='ocrx_word' id='word_1_245' title='bbox 695 2015 735 2042; x_wconf 82' lang='lat' dir='ltr'><strong>Et</strong></span> <span class='ocrx_word' id='word_1_246' title='bbox 753 2014 795 2042; x_wconf 88' lang='lat' dir='ltr'><strong>sic</strong></span> <span class='ocrx_word' id='word_1_247' title='bbox 813 2013 950 2050; x_wconf 79' lang='lat' dir='ltr'><strong>virgineo</strong></span> <span class='ocrx_word' id='word_1_248' title='bbox 965 2013 1101 2042; x_wconf 80' lang='lat' dir='ltr'><strong>coniunx</strong></span> <span class='ocrx_word' id='word_1_249' title='bbox 1117 2014 1242 2042; x_wconf 86' lang='lat' dir='ltr'><strong>viduata</strong></span> <span class='ocrx_word' id='word_1_250' title='bbox 1259 2014 1380 2047; x_wconf 79' lang='lat' dir='ltr'><strong>marito,</strong></span> 
     </span>
     <span class='ocr_line' id='line_1_47' title="bbox 698 2061 1449 2099; baseline -0.001 -8"><span class='ocrx_word' id='word_1_251' title='bbox 698 2062 889 2099; x_wconf 57' lang='lat' dir='ltr'><strong>&amp;exviduata</strong></span> <span class='ocrx_word' id='word_1_252' title='bbox 905 2062 1003 2090; x_wconf 85' lang='lat' dir='ltr'><strong>comis</strong></span> <span class='ocrx_word' id='word_1_253' title='bbox 1019 2062 1119 2096; x_wconf 84' lang='lat' dir='ltr'><strong>arbos,</strong></span> <span class='ocrx_word' id='word_1_254' title='bbox 1138 2062 1180 2090; x_wconf 70' lang='lat' dir='ltr'><strong>sic</strong></span> <span class='ocrx_word' id='word_1_255' title='bbox 1198 2061 1324 2090; x_wconf 72' lang='lat' dir='ltr'><strong>floribus</strong></span> <span class='ocrx_word' id='word_1_256' title='bbox 1341 2063 1449 2090; x_wconf 78' lang='lat' dir='ltr'><strong>hortus</strong></span> 
     </span>
     <span class='ocr_line' id='line_1_48' title="bbox 694 2110 1453 2148; baseline 0 -8"><span class='ocrx_word' id='word_1_257' title='bbox 694 2111 858 2146; x_wconf 73' lang='lat' dir='ltr'><strong>&#39;l&#39;ristatur‚</strong></span> <span class='ocrx_word' id='word_1_258' title='bbox 876 2110 974 2147; x_wconf 80' lang='lat' dir='ltr'><strong>rigido</strong></span> <span class='ocrx_word' id='word_1_259' title='bbox 991 2111 1109 2139; x_wconf 75' lang='lat' dir='ltr'><strong>clausis</strong></span> <span class='ocrx_word' id='word_1_260' title='bbox 1127 2111 1279 2147; x_wconf 76' lang='lat' dir='ltr'><strong>Aquilone</strong></span> <span class='ocrx_word' id='word_1_261' title='bbox 1297 2117 1453 2148; x_wconf 69' lang='lat' dir='ltr'><strong>strepente</strong></span> 
     </span>
    </p>
   </div>
   <div class='ocr_carea' id='block_1_11' title="bbox 1014 2180 1256 2204">
    <p class='ocr_par' dir='ltr' id='par_1_24' title="bbox 1014 2180 1256 2204">
     <span class='ocr_line' id='line_1_49' title="bbox 1014 2180 1256 2204; baseline 0 -1"><span class='ocrx_word' id='word_1_262' title='bbox 1014 2180 1019 2194; x_wconf 85' lang='lat'><em>¹</em></span> <span class='ocrx_word' id='word_1_263' title='bbox 1033 2181 1091 2204; x_wconf 72' lang='lat' dir='ltr'><strong>Rex.</strong></span> <span class='ocrx_word' id='word_1_264' title='bbox 1108 2181 1166 2204; x_wconf 64' lang='lat' dir='ltr'><strong>Lex,</strong></span> <span class='ocrx_word' id='word_1_265' title='bbox 1183 2181 1256 2204; x_wconf 74' lang='lat' dir='ltr'><strong>Grex.</strong></span> 
     </span>
    </p>
   </div>
  </div>
 </body>
</html>
