1903 2724
48 442 102 470 170

48 688 100 717 175

49 927 104 953 180

50 1174 103 1209 185

49 1427 104 1454 190

51 1671 104 1700 195

49 1919 106 1938 200

540 203 682 227 GEORGF,
706 204 906 227 STRACHAN.

289 286 391 315 Staret
407 290 436 314 et
452 285 531 314 aerei
550 286 648 313 moles
663 285 785 314 excelsa
802 285 966 321 sepulchri,

328 335 459 373 Qualem
478 344 532 363 nec
550 334 671 371 proprio
686 334 763 362 colle
779 334 929 372 Quirinus
946 335 1047 367 habet,

289 385 353 413 Nec
369 385 420 421 qui
439 383 567 420 pinifera
585 383 676 412 iacuit
694 383 837 411 sublimis
855 383 884 411 in
902 394 979 418 arce,

328 434 393 462 Nec
410 433 575 462 Collatinis
591 442 664 461 ossa
681 433 811 469 superba
829 433 921 468 iugis,

288 483 353 511 Nec
371 483 475 511 Numa
492 482 610 511 clivoso
626 480 696 511 fecit
713 482 770 510 sibi
789 491 901 519 ponere
920 482 1006 517 Iano,

328 532 394 560 Nec
412 531 522 560 Martis
539 531 641 560 medio
659 531 745 560 Sulla
761 536 907 560 cruentus
923 541 1008 568 agro,

288 581 354 610 Nec
370 581 420 618 qui
437 580 644 617 Tergeminae
661 580 833 618 praetendit
851 590 1005 609 marmora
1024 581 1143 615 Portae,

328 629 393 658 Nec
409 630 532 666 qualem
549 629 669 658 cunctis
688 629 798 657 struxit
815 629 953 666 Agrippa
973 629 1058 658 Deis.

288 679 404 708 Nostra
421 679 473 707 sed
490 679 565 707 haec
581 678 728 715 quoniam
746 678 887 715 prohibet
904 678 1036 713 fortuna,
1055 688 1215 707 sacramus

329 728 483 756 Lamenta
499 733 529 756 et
546 728 721 764 lachrymas
738 727 829 766 (quas
846 727 915 756 licet
933 728 1040 766 usque)
1059 727 1136 765 pias.

287 777 377 805 Talia
393 782 457 805 tam
475 786 545 804 caro
561 777 711 804 debemus
728 776 809 804 iusta
827 777 1001 812 sepulchro,

329 825 443 854 Nostra
460 826 569 854 decent
585 826 664 854 tales
680 830 708 854 et
726 830 779 854 tua
796 824 859 853 fata
875 825 968 854 modi.

289 874 340 904 Sic
356 875 466 903 meruit
483 884 548 903 rara
565 875 734 911 splendens
750 874 863 903 virtute
880 875 1034 909 iuventus,

329 924 451 962 Quique
467 923 543 961 ligat
560 929 682 952 mentes
699 923 903 952 intemeratus
919 933 1015 954 amor.

290 972 394 1009 Sume,
412 973 465 1002 sed
480 973 575 1002 exiles
593 973 724 1001 nimium
742 982 780 1001 ne
796 973 915 1001 discute
931 978 1070 1009 questus,

329 1022 529 1051 Conveniunt
545 1022 678 1050 madidis
695 1022 816 1050 horrida
832 1023 925 1050 verba
941 1022 1041 1058 genis.

288 1072 407 1107 Cernis,
425 1077 457 1100 ut
474 1071 632 1108 incompto
648 1071 752 1100 tenuis
769 1071 845 1100 fluat
861 1071 967 1100 ordine
984 1081 1103 1106 versus,

329 1122 368 1150 Et
385 1121 481 1150 variet
498 1120 646 1149 miserum
664 1120 811 1157 languida
830 1121 922 1149 Musa
939 1120 1055 1149 stilum.

293 1170 353 1199 Hei
371 1170 465 1198 mihi!
490 1180 562 1198 nam
580 1170 647 1198 sine
663 1175 693 1199 te
710 1170 835 1198 sordent
852 1170 895 1198 sic
911 1176 1032 1205 cuncta,
1051 1171 1174 1198 solebas

329 1219 389 1258 Qui
407 1219 482 1247 mihi
502 1219 658 1256 Pegaseas
674 1219 839 1247 conciliare
858 1219 950 1248 Deas.

291 1269 356 1297 Iam
374 1269 458 1297 velut
474 1268 605 1296 annexis
622 1269 726 1296 ulmus
743 1268 877 1304 spoliata
895 1268 1025 1296 racemis

332 1317 476 1353 Languet
494 1317 523 1344 in
541 1317 705 1345 immensis
722 1326 811 1345 mens
828 1317 1001 1353 stupefacta
1019 1316 1120 1346 malis.

290 1367 393 1403 thue
409 1366 506 1402 gemit
522 1366 603 1394 dulci
619 1371 725 1394 castus
742 1365 808 1394 sine
824 1375 969 1402 compare
985 1371 1094 1399 turtur,

329 1416 377 1445 Sic
394 1420 535 1444 nostrum
553 1415 620 1443 sine
636 1420 665 1443 te
683 1420 789 1452 pectus
805 1424 928 1443 amaror
944 1415 1044 1443 habet.

290 1465 368 1493 Care
386 1474 468 1501 puer,
486 1464 616 1492 memori
634 1473 756 1500 semper
772 1469 801 1492 te
817 1464 907 1492 corde
924 1469 1092 1500 repostum,

332 1513 490 1543 Continuo
507 1512 647 1541 functum
666 1518 806 1541 maestus
822 1522 927 1541 amore
943 1513 1052 1542 colam.

289 1563 458 1600 Grampius
475 1567 547 1591 ante
564 1562 628 1590 suis
645 1567 819 1599 prosternet
835 1563 966 1591 collibus
982 1563 1127 1597 Aetnam,

333 1612 432 1640 Radet
449 1617 477 1640 et
494 1610 645 1639 aurifluus
661 1611 777 1648 Caspia
794 1621 888 1648 regna
904 1611 1024 1648 Tagus,

292 1660 449 1689 Multifido
465 1665 585 1688 torrens
603 1660 776 1688 Rhodanus
793 1660 974 1689 miscebitur
991 1661 1080 1693 Istro,

331 1709 483 1738 Turbabit
501 1709 665 1746 Scythicas
680 1715 710 1738 et
727 1709 814 1746 niger
832 1709 928 1738 Indus
945 1719 1053 1746 aquas,

292 1759 435 1796 Denique
452 1760 612 1788 Caucaseo
630 1759 793 1788 stillabunt
809 1759 922 1788 vertice
938 1760 1040 1794 mella,

330 1810 432 1848 Quam
449 1813 502 1837 tua
517 1810 554 1837 de
571 1814 678 1838 nostro
694 1813 816 1846 pectore
832 1808 931 1837 forma
947 1808 1031 1838 fluet.

289 1858 353 1886 Ceu
370 1857 426 1886 fuit
442 1857 472 1885 in
489 1858 574 1886 duris
591 1858 730 1886 solamen
747 1857 811 1886 vita
827 1857 958 1895 periclis,

332 1907 383 1936 Sic
399 1916 483 1935 mors
499 1912 680 1944 perpetuum
698 1907 812 1935 vulnus
829 1912 859 1935 et
875 1916 973 1944 angor
988 1906 1053 1935 erit.

116 2010 152 2032 19.
172 2002 283 2032 Euryalo
297 2001 377 2032 (Virg.
390 2000 452 2024 Aen.
465 2001 497 2024 ix.
510 2001 618 2032 427-30).

113 2051 152 2067 20.
171 2042 291 2073 Aegides.
327 2041 445 2065 Theseus
457 2041 616 2073 descending
629 2046 656 2065 to
670 2041 759 2066 Hades
772 2042 833 2065 with
848 2041 983 2064 Pirithous.

113 2092 150 2108 21.
170 2084 325 2108 Ionathante
339 2083 362 2114 (2
376 2083 479 2107 Samuel
499 2084 514 2107 i.
530 2083 621 2114 17-27).

114 2133 151 2155 29.
170 2125 298 2153 Trieteris,
311 2126 438 2156 τριετηρίς,
452 2125 523 2148 three
536 2124 618 2155 years'
631 2124 727 2155 period.

1269 2208 1318 2231 XX

1341 204 1401 236 345
