1903 2724
637 200 784 223 TllOMAS
810 199 901 224 ΚΕΗ).
1387 203 1447 235 315

414 280 610 304 Fortunatorum
623 288 763 308 nemorum,
776 288 842 312 quae
855 281 940 305 laurus
953 282 1091 310 inumbrat,

414 322 471 353 Ipse
484 322 528 346 tibi
541 323 603 346 rexit
618 323 736 346 Phoebus
749 323 867 354 vestigia,
881 327 936 347 toto

413 363 539 387 Pieridum
554 362 691 394 plaudente
703 364 789 388 choro.

412 446 504 469 Gallia
516 446 571 470 visa
584 447 628 470 tibi
642 447 758 478 primum,
772 446 816 470 sed
830 447 914 470 Gallia
927 452 1029 470 tantum

411 487 473 510 Visa
486 486 530 510 tibi
543 495 586 518 per
599 492 765 512 transennam
779 487 836 519 (ceu
851 487 956 511 flumina
971 488 1021 511 Nili

414 529 515 552 Delibat
528 529 618 560 canis),
631 529 735 553 attraxit
747 529 885 553 Germania
899 530 995 560 philtro

413 569 445 593 Et
456 571 536 601 precis
548 576 573 594 et
585 571 668 602 pretii,
682 571 834 602 geminaque
847 571 895 595 hac
907 576 961 595 arte
975 571 1089 595 morandi

412 611 553 636 Consilium
566 612 679 636 extorsit.

413 693 525 717 Palladis
538 695 563 717 in
577 695 668 718 castris
680 694 762 718 multa
774 694 815 718 hic
828 702 886 718 cum
900 694 974 718 laude
987 699 1138 723 merentem,

414 735 446 758 Et
457 735 527 758 victa
539 735 570 759 de
585 735 705 759 Barbarie
719 735 854 767 sciolisque
868 736 997 767 Sophistis

411 776 555 800 Ducentem
569 777 684 807 insignes
697 777 764 800 sama
777 777 877 801 victrice
891 777 1042 808 triumphos,

411 817 501 849 Lipsia
514 817 623 841 detinuit
636 818 750 849 longum.
786 819 850 849 Quis
864 818 971 842 credidit
985 819 1035 842 illie

411 859 444 882 Se
456 859 502 882 rite
515 858 656 882 admissum
669 859 694 882 in
710 859 804 884 Phoebi
818 860 937 888 sacraria,
955 860 1061 884 Rhaedo

412 899 470 924 Non
485 899 614 930 pandente
627 900 712 924 sores?

412 982 467 1006 Nec
479 983 523 1006 tibi
537 982 606 1006 sama
618 982 700 1006 minor
713 983 762 1014 qua
778 983 896 1007 Balthica
909 983 995 1006 littora
1007 987 1110 1014 spectat

410 1024 572 1048 Rostoclzium
582 1033 591 1051 ,·
608 1024 698 1055 paucis
711 1024 767 1048 istic
780 1024 824 1048 tibi
838 1024 961 1055 plurimus
974 1025 1049 1048 annis

412 1065 497 1089 Crevit
510 1065 602 1093 honos,
617 1065 687 1089 nullo
700 1072 752 1089 non
766 1065 909 1089 admirante
922 1066 1066 1096 profundae

412 1107 550 1131 Doctrinae
563 1111 686 1138 aggestos
698 1112 736 1131 tot
749 1107 774 1130 in
787 1114 838 1131 uno
852 1112 952 1138 pectore
964 1115 1076 1131 acervos.

411 1188 443 1212 Et
457 1193 483 1212 tu
498 1189 603 1212 Rhaede
615 1189 684 1212 iaces
697 1196 775 1220 opera
788 1189 852 1212 inter
865 1196 967 1217 manca,
980 1189 1118 1221 minasque

410 1230 566 1260 Scriptorum
581 1230 716 1260 ingentes;
736 1230 807 1261 queis
819 1230 839 1253 si
853 1237 972 1261 suprema
985 1230 1074 1253 fuisset

411 1271 476 1294 Cum
489 1271 550 1294 lima
562 1276 676 1302 porrecta
688 1278 789 1298 manus,
804 1278 855 1294 non
869 1271 921 1294 ulla
934 1271 1025 1294 fuisset

411 1312 544 1343 Calliopes
555 1317 610 1336 toto
623 1312 766 1343 Sophiaeve
779 1312 898 1336 illustrior
911 1312 978 1340 albo,

410 1353 494 1384 Quam
507 1361 572 1384 quae
587 1353 734 1377 Rhaedeum
748 1353 882 1384 praeferret
896 1353 992 1384 pagina
1005 1360 1108 1377 nomen.

410 1435 516 1466 Iamque
527 1436 592 1464 vale,
604 1436 638 1459 mi
653 1435 756 1460 Rhaede
770 1436 829 1466 (mei
843 1441 870 1459 ut
883 1443 941 1467 pars
952 1436 1064 1460 maxima
1076 1435 1212 1467 quondam,

410 1477 487 1501 Nunc
499 1477 563 1501 caeli
577 1485 635 1508 pars
648 1478 755 1509 magna)
767 1485 772 1501 :
792 1482 836 1501 tuo
849 1478 911 1501 mihi
924 1478 1012 1502 funere
1025 1482 1125 1502 tantum

411 1518 557 1542 Cordolium
571 1518 661 1542 inflixit
673 1519 719 1542 fati
734 1519 879 1550 importuna
892 1519 1019 1549 tyrannis,

411 1561 494 1592 Cogat
506 1566 534 1584 ut
547 1561 662 1591 inceptas
675 1560 813 1591 lachrymis
826 1561 975 1592 abrumpere
989 1560 1088 1585 laudes.

411 1602 469 1625 Heu
482 1602 582 1633 quoties
594 1601 652 1630 dixi,
665 1602 820 1625 descendam
833 1602 917 1625 laetus
929 1602 962 1626 ad
975 1602 1079 1626 umbras

410 1642 521 1674 Elysias,
535 1643 678 1674 moriarque
691 1643 781 1670 libens,
795 1642 872 1667 modo
884 1643 1000 1667 carmina
1013 1647 1101 1666 nostro

411 1684 535 1708 Inscribat
547 1684 647 1708 tumulo
661 1683 788 1714 Rhaedus,
804 1691 873 1708 nune
885 1684 973 1709 ordine
985 1691 1058 1708 verso

410 1724 525 1749 Naturae
538 1725 640 1756 votique
652 1725 701 1749 mei
716 1726 788 1756 (proh
802 1725 864 1757 fata)
878 1726 925 1749 sub
938 1725 1042 1750 umbras

410 1767 435 1790 Is
447 1766 521 1797 prior.

148 1835 197 1858 For
210 1834 253 1858 the
265 1833 316 1858 will
327 1834 357 1857 of
367 1833 439 1862 Reid,
452 1833 530 1857 dated
544 1833 605 1864 May
617 1840 654 1863 19,
669 1835 739 1864 1624,
752 1833 927 1865 bequeathing
940 1838 967 1857 to
979 1834 1023 1857 the
1036 1838 1105 1857 town
1118 1833 1147 1856 of
1157 1832 1290 1857 Aberdeen
1305 1833 1344 1856 his
1357 1832 1449 1863 library

82 1877 112 1900 of
125 1875 206 1900 books
217 1875 268 1899 and
281 1875 325 1899 the
338 1882 394 1898 sum
407 1875 436 1898 of
453 1876 526 1902 6900
543 1874 628 1898 merks
640 1875 677 1898 for
689 1874 733 1898 the
751 1879 856 1906 support
869 1874 899 1898 of
913 1882 928 1898 a
945 1874 1074 1902 librarian,
1088 1874 1138 1898 and
1152 1874 1189 1897 sor
1203 1874 1246 1897 the
1259 1874 1328 1904 early
1342 1873 1449 1903 College

80 1917 220 1945 librarians,
239 1924 281 1940 see
304 1916 377 1940 Fasti
401 1916 480 1940 Acad.
505 1915 574 1939 Mar.
598 1915 614 1940 i.
639 1923 681 1946 pp.
706 1923 818 1946 194-204.
855 1916 904 1939 For
921 1915 988 1947 light
1006 1923 1039 1939 on
1058 1916 1101 1939 the
1114 1915 1212 1946 family,
1224 1915 1275 1938 and
1294 1914 1343 1937 will
1362 1915 1392 1938 os
1407 1915 1447 1937 his

82 1958 184 1982 brother
198 1958 241 1982 Dr.
255 1957 397 1981 Alexander
412 1957 482 1985 Reid,
496 1964 537 1988 pp.
546 1958 601 1985 226,
612 1964 667 1987 227.
676 1963 731 1987 234,
743 1964 797 1986 235-
835 1957 944 1981 Portrait
956 1956 986 1980 of
996 1956 1060 1980 Reid
1073 1956 1098 1979 in
1112 1955 1195 1984 Fasti,
1208 1963 1230 1986 p.
1243 1963 1295 1985 194,
1304 1955 1355 1978 and
1368 1955 1393 1978 in
1406 1955 1449 1978 the

83 2003 156 2029 great
174 1999 284 2022 window
307 1998 333 2022 in
353 1998 469 2022 Mitchell
495 1998 564 2025 Hall,
591 1998 731 2022 Marischal
750 1998 864 2029 College.
902 1997 1071 2028 Reproduced
1095 1997 1119 2020 in
1146 1997 1274 2020 XValker's
1301 1996 1450 2020 Historicaz

84 2039 172 2068 Notes,
191 2047 215 2070 p.
234 2047 274 2069 30.

147 2079 308 2111 [Re-erected
328 2084 353 2104 at
372 2080 415 2103 the
433 2080 519 2111 public
536 2087 647 2111 expense
665 2080 695 2104 of
715 2081 758 2104 the
784 2080 871 2111 parish
896 2081 966 2110 1776.
1002 2082 1016 2092 ‘⁴
1028 2087 1097 2110 1730.
1129 2079 1180 2102 Hic
1201 2079 1286 2102 iacent
1308 2078 1449 2102 Reverendi

85 2121 204 2152 Magistri
229 2121 338 2145 Iacobus
360 2120 423 2144 Reid
441 2128 456 2144 a
479 2121 577 2144 familia
594 2121 626 2145 de
647 2121 770 2145 Pitfodels
793 2120 924 2149 oriundus,
944 2120 1142 2144 Banchoriensis
1166 2119 1298 2143 Ecclesiae
1324 2119 1414 2142 Pastor
1435 2126 1450 2142 a

85 2162 276 2186 Reformatione
302 2162 416 2186 Primus:
443 2162 554 2187 Iacobus
579 2162 650 2191 Reid,
674 2162 735 2186 dicti
761 2162 848 2186 Iacobi
873 2162 956 2186 filius:
979 2166 1005 2185 et
1030 2161 1155 2185 Robertus
1180 2160 1250 2188 Reid,
1270 2160 1372 2184 Roberti
1389 2160 1450 2184 dicti
