1903 2724
590 209 705 240 JAMES
733 210 925 235 1<l‹2NN1-31)x‘.
1380 217 1385 237 Ι

1396 215 1412 245 χῐ

1417 216 1434 245 χΙ

639 290 692 317 Ad
714 290 864 319 Eundem.

401 354 452 383 Uti
471 354 601 383 fecundo
618 355 643 383 si
662 365 772 392 pergas
790 356 910 392 pectine
930 356 1055 391 Phoebi,

437 403 523 432 Alter
540 403 699 440 Virgilius,
718 404 806 433 Naso
822 405 869 433 vel
887 405 964 434 alter
979 406 1048 436 eris.

975 463 1008 491 Io
1027 463 1192 493 Forbesius

828 511 862 539 In
884 511 1106 541 Universitatis
1123 513 1353 543 Aberdonensis

949 561 1089 598 Collegio
1108 562 1205 598 Regio

864 611 1068 639 Humanioris
1085 611 1260 641 literaturae

992 659 1160 690 Professor.

632 734 684 762 Ad
706 734 886 764 Antlcorem.

667 791 842 823 Epigramma.

315 841 437 870 Aeneas
453 847 616 878 quantum,
633 841 743 870 Teucri
761 847 790 870 et
809 842 940 871 Lavinia
956 843 1018 871 vati

358 890 490 923 Debent,
507 891 588 927 quod
605 891 736 919 volitent
752 891 843 920 docta
860 901 912 928 per
927 901 980 919 ora
997 891 1107 925 virum,

316 939 446 967 Carolus
462 945 491 968 et
509 939 592 968 Scoti
610 944 731 968 tantuin
748 945 777 968 et
795 940 963 969 Catherina
980 950 1127 970 camenae

358 987 523 1017 Debebunt
539 989 622 1023 olim,
642 989 790 1018 Kennede
805 989 905 1024 docte,
923 995 1002 1019 tuae.

1079 1039 1110 1069 P.
1136 1040 1352 1070 Caxnerarius,¹

156 1113 202 1142 Ad
233 1113 237 1152 Ι
270 1113 519 1143 Invictissimum
550 1114 553 1152 Ι
582 1114 729 1142 Carolum
760 1113 788 1141 11
811 1113 815 1151 Ι
837 1114 916 1144 D.G.
950 1114 1212 1148 Britannicarum,
1233 1115 1235 1153 Ι
1260 1115 1336 1152 Imp.
1375 1121 1437 1152 opt.

77 1161 158 1191 Max.
193 1161 196 1201 Ι
232 1163 362 1200 Semper
391 1164 471 1200 Aug.
499 1164 510 1213 Ι
546 1163 777 1192 Felieissimun]
803 1173 839 1192 ac
871 1163 1120 1198 Pientissimuxn,
1155 1163 1158 1201 Ι
1194 1164 1282 1193 Bono
1314 1164 1437 1201 Imperii

75 1217 193 1248 natum,
214 1212 218 1252 Ι
240 1213 363 1242 Patrem
382 1213 515 1248 Patriae,
536 1213 539 1251 Ι

500 1279 690 1317 Tyrannidis
719 1288 734 1349 Ι

501 1329 676 1358 Anarchiae
761 1329 983 1358 Extinctorem.

502 1378 580 1407 Belli
599 1350 727 1410 Civilisl

503 1435 594 1464 Pacis
794 1442 816 1505 Ι

502 1485 670 1514 Libertatis
805 1506 809 1514 .
843 1484 1075 1514 Restitutorem.

500 1535 647 1563 Veterum
665 1535 771 1570 legum
797 1521 809 1566 J

651 1621 870 1659 Epigramma.

278 1679 378 1718 Quale
394 1679 487 1708 decus
503 1679 645 1708 tremulis
661 1679 745 1708 addit
763 1679 815 1708 Sol
833 1688 944 1707 aureus
960 1678 1063 1713 astris,

320 1728 380 1766 Qui
397 1733 463 1756 toto
480 1728 581 1757 radios
599 1728 716 1765 spargit
733 1728 763 1756 in
780 1728 853 1757 orbe
868 1737 978 1765 vagos,

280 1775 357 1805 Tale
373 1777 435 1805 tuis
452 1777 593 1806 miranda
609 1777 704 1805 decus
721 1782 774 1805 tua
791 1777 889 1814 gloria
906 1777 994 1806 terris

323 1826 478 1862 Undique,
496 1826 547 1854 lux
563 1825 640 1860 aevi,
659 1826 778 1861 Carole‚
795 1835 910 1863 magna
926 1825 979 1856 tui.

98 1885 114 1912 5
281 1875 425 1903 Nubibus
442 1880 474 1903 ut
491 1875 589 1911 pulsis
605 1875 739 1911 vestigia
755 1875 856 1904 lucida
872 1874 966 1903 Titan

322 1924 438 1961 Igneus
453 1923 584 1952 astriferi
602 1924 692 1952 librat
708 1924 738 1951 in
755 1934 811 1952 axe
829 1924 900 1960 poli,

283 1973 342 2007 Sic,
361 1973 418 2000 has
435 1978 468 2000 ut
483 1971 607 2009 fugiunt
622 1972 780 2009 cingentia
797 1972 902 2001 nubila
919 1978 1026 2006 terras,

321 2021 368 2049 Tu
385 2026 490 2049 nostro
507 2021 686 2050 aethereum
704 2021 808 2049 fundis
825 2021 854 2049 in
871 2022 942 2050 orbe
959 2021 1054 2051 iubar.

144 2087 218 2110 lThe
249 2093 324 2110 name
354 2089 369 2099 ‘¹
384 2086 482 2109 Patrick
506 2086 662 2110 Chalmers''
687 2087 707 2109 is
730 2093 851 2110 common
881 2091 906 2110 at
931 2087 974 2109 the
995 2086 1064 2113 time,
1094 2086 1143 2109 and
1169 2086 1353 2110 identitication
1377 2088 1438 2110 with

77 2128 200 2159 certainty
213 2128 233 2151 is
246 2127 399 2159 impossible.
436 2127 535 2151 Patrick
548 2128 690 2155 ChaIrners,
704 2127 799 2151 Sheriff
810 2127 884 2151 Clerk
902 2128 930 2151 os
946 2127 1156 2155 Aberdeenshire,
1170 2127 1194 2150 in
1218 2129 1287 2157 1634,
1305 2135 1357 2151 was
1375 2128 1439 2152 dead

77 2174 103 2192 at
116 2169 166 2192 this
179 2169 239 2192 time
253 2169 380 2199 (Munro's
393 2168 525 2192 Aldcrmcn
538 2169 590 2192 and
604 2170 731 2196 Provosts,
746 2176 769 2199 p.
787 2170 852 2198 138¹·

1335 2210 1351 2232 Α
