1883 2730
454 202 518 232 422

147 328 337 352 Potentissimus

145 363 282 385 monarcha
296 361 410 384 Carolus.

456 391 466 408 1
478 393 484 410 1
494 391 508 419 5

147 588 221 612 Unio.

459 638 464 655 l
477 637 512 654 20

148 831 239 854 Nullus
252 831 276 854 in
291 831 405 854 Ecclesia

148 864 379 888 Controversarium
460 882 466 899 ¹
478 882 490 899 3
499 880 510 886 -

147 897 241 920 modus.
497 889 510 908 ³

460 1126 514 1153 ¹30

462 1371 512 1398 ¹35

152 1425 298 1448 Paraenesis
311 1426 341 1449 ad

152 1458 240 1481 Pacem
256 1459 359 1482 Ecclesi-

149 1496 260 1515 usticam.

463 1620 516 1644 140

463 1865 515 1892 1-25

467 2111 473 2128 1
483 2109 520 2137 50

855 201 879 224 M
885 202 949 225 USA
976 201 1085 226 LATIN
1091 203 1112 225 Α
1139 201 1417 226 ABERDONENSIS.

699 282 851 311 Pacificus
868 282 926 311 dici
943 283 1054 312 meruit
1071 292 1254 320 semperque
1271 283 1407 312 merebit.

699 331 767 360 Hoc
783 337 815 360 tu
833 332 997 368 progenies
1013 331 1084 361 felix
1100 332 1258 367 genitore;
1284 332 1427 360 Britanni

696 381 906 419 Quaecunque
922 381 1077 409 immenso
1094 381 1205 418 pelago
1221 381 1410 410 circumdata
1427 387 1557 411 cernunt

697 430 823 464 Littora,
842 430 985 466 quicquid
1001 430 1066 467 agri
1083 429 1246 458 fecundam
1262 430 1340 459 ditat
1358 431 1477 466 lernen,

697 479 775 507 Iuris
791 479 819 507 id
835 488 904 508 esse
920 479 964 507 tui
982 479 1082 513 iussit,
1099 478 1154 507 tibi
1171 479 1307 508 subdidit
1324 480 1387 514 uni,

698 528 761 557 Uni
777 528 968 564 tergeminos
984 527 1082 556 voluit
1099 527 1280 556 submittere
1296 527 1406 557 fasces.

697 577 784 605 Velle
800 577 879 611 aliis,
896 576 950 604 tibi
969 585 1060 613 posse
1076 576 1194 611 datum,
1211 576 1269 605 tria
1284 576 1404 606 foedere
1421 587 1515 615 regna

698 626 829 662 Iungere
847 625 976 660 solenni,
993 627 1073 662 quod
1091 635 1153 654 non
1171 627 1291 656 abolere
1308 632 1448 656 vetustas

699 675 769 704 Ulla
785 681 895 712 queat;
919 680 984 704 toto
1001 684 1058 703 nos
1073 675 1188 704 dividet
1204 676 1275 704 orbe
1293 675 1462 705 Britannos

700 724 781 751 Dum
800 733 882 752 mare
899 724 1035 760 dumque
1052 723 1141 760 polus
1157 723 1308 752 radiantia
1326 724 1426 753 sidera
1442 730 1557 762 pascet.

699 773 749 801 Sic
765 773 818 801 tibi
836 782 886 802 rex
903 773 946 801 sic
963 782 1077 809 magne
1094 773 1155 801 tuis
1172 773 1315 802 diadema
1332 780 1488 810 perennet.

699 821 777 849 Ecce
793 830 918 857 gregem
937 821 1051 850 Christi
1070 822 1172 850 studia
1189 821 1219 850 in
1236 823 1390 851 contraria
1408 823 1550 851 scissum.

699 870 793 907 quue
810 871 850 907 pii
867 876 896 900 et
913 880 1043 907 quorum
1062 871 1170 900 melior
1186 872 1342 900 sententia
1359 872 1456 901 menti

702 920 806 956 Usque
823 926 961 956 gemunt,
979 919 1152 957 frustraque
1168 926 1306 957 gemunt,
1326 921 1385 950 nisi
1403 922 1528 959 provida
1545 931 1651 959 regum

699 969 779 996 Cura
795 974 839 997 tot
856 969 990 1005 ingeniis
1007 969 1173 1006 plusquam
1191 970 1404 1006 petulantibus
1421 976 1504 999 arcta

700 1017 808 1045 Vincla
825 1023 919 1054 paret,
938 1017 1072 1054 rixisque
1089 1019 1216 1047 modum
1234 1019 1281 1048 lex
1297 1019 1418 1056 publica
1434 1025 1538 1057 ponat.

699 1067 725 1094 ()
742 1066 872 1095 miseras
889 1068 1010 1104 partes!
1037 1068 1153 1104 peperit
1170 1078 1248 1105 quas
1265 1069 1342 1098 livor
1358 1070 1396 1098 ab
1413 1070 1493 1098 Orco

699 1115 917 1152 'l'artareisque
935 1117 1026 1146 Erebi
1043 1117 1178 1146 tenebris
1194 1119 1331 1147 emissus
1346 1119 1384 1147 ad
1401 1127 1493 1147 auras

699 1166 877 1200 Aethereas,
894 1176 972 1203 quas
988 1166 1073 1195 auxit
1089 1176 1176 1196 amor
1193 1167 1361 1196 sceleratus
1377 1167 1510 1196 habendi

698 1215 898 1252 Ambitioque
915 1216 1000 1251 leviS,
1018 1216 1090 1244 dum
1108 1216 1286 1245 sobrietatis
1301 1226 1439 1246 amorem

702 1264 825 1292 Excutit
841 1270 870 1292 et
887 1274 995 1293 caecas
1011 1265 1109 1301 agitat
1126 1274 1178 1302 per
1194 1265 1298 1293 inania
1316 1270 1445 1294 mentes.

700 1313 758 1341 Ast
775 1313 846 1350 quid
863 1322 922 1350 ego
938 1313 1036 1342 haec?
1062 1314 1168 1342 tristes
1184 1314 1287 1350 procul
1305 1315 1386 1349 hinc,
1405 1315 1508 1352 procul
1527 1315 1566 1343 ite
1581 1315 1733 1351 querelae.

699 1362 841 1390 Candida
859 1362 922 1390 Pax
943 1363 1060 1399 placide
1077 1362 1178 1392 niveis
1194 1363 1253 1392 huc
1270 1363 1395 1392 advolat
1411 1364 1478 1392 alis.

702 1411 821 1440 Nuntia
838 1412 973 1441 laetitiae
990 1413 1041 1440 lux
1057 1413 1133 1441 haec
1149 1413 1292 1441 diadema
1310 1418 1473 1450 paternum

701 1461 843 1497 Exhibet,
861 1462 1003 1491 exhibeat
1020 1462 1073 1490 tibi
1092 1462 1182 1490 Pacis
1197 1462 1331 1491 amabile
1347 1471 1472 1492 nornen.

703 1509 888 1547 pacificique
905 1510 953 1547 pie
971 1512 1093 1540 soboles
1110 1511 1207 1548 patris
1222 1511 1355 1546 aemula,
1373 1521 1465 1548 perge

701 1559 769 1597 Qua
787 1559 871 1596 pacis
887 1564 917 1588 te
933 1560 1023 1588 ducet
1039 1569 1134 1589 amor.
1181 1560 1344 1589 Salebrosa
1362 1561 1482 1597 paranti

703 1608 749 1636 Ire
765 1608 815 1636 via
831 1613 860 1637 et
877 1609 970 1636 variis
986 1614 1033 1638 est
1049 1608 1235 1638 circumfusa
1251 1609 1374 1646 periclis
1388 1618 1394 1643 ;

704 1657 799 1693 Perge
816 1662 929 1686 tamen.
975 1657 1081 1686 Virtus
1097 1663 1149 1686 tua
1167 1663 1196 1686 te
1213 1667 1326 1694 perque
1343 1657 1464 1686 horrida
1481 1663 1601 1695 tesqua,

703 1706 821 1743 Perque
837 1711 881 1735 tot
897 1705 1054 1735 anfractus
1069 1706 1178 1736 clivosi
1194 1706 1338 1741 tramitis,
1355 1716 1454 1735 arcem

704 1755 822 1783 Evehet
838 1755 875 1783 ad
892 1755 1007 1783 celsam
1028 1755 1136 1784 Pacis:
1157 1760 1247 1792 teque
1264 1756 1389 1792 auspice
1407 1756 1480 1784 dura

702 1805 766 1843 (Sic
783 1810 832 1833 eat
849 1805 888 1843 O)
906 1805 1016 1842 positis
1033 1805 1196 1834 mitescent
1214 1805 1338 1834 saecula
1356 1806 1452 1834 bellis

704 1854 823 1883 Semita
839 1854 923 1891 pacis
940 1855 1031 1882 habet
1048 1860 1185 1883 veterum
1202 1855 1335 1891 vestigia
1353 1860 1486 1892 patrum,

702 1903 790 1941 Quae
807 1903 981 1940 quicunque
998 1903 1110 1939 premit
1126 1912 1189 1931 non
1205 1903 1267 1931 veri
1284 1902 1395 1932 effoeta
1411 1908 1549 1932 moratur

704 1952 843 1986 Somnia,
861 1961 939 1988 quae
957 1951 1043 1980 finxit
1061 1961 1153 1988 prave
1171 1951 1227 1980 sibi
1244 1952 1385 1980 credulus
1402 1961 1493 1981 error.

703 2001 857 2039 Quicquid
873 2010 950 2029 cana
968 2000 1052 2035 fides,
1070 2000 1228 2037 primaeva
1247 2001 1386 2029 Ecclesia
1403 2001 1548 2037 quicquid

703 2049 819 2084 Tradit,
837 2050 867 2078 in
885 2050 942 2078 hoc
959 2050 1037 2078 iurat
1054 2059 1183 2086 seseque
1199 2049 1269 2078 huic
1286 2050 1443 2086 mancipat
1460 2049 1522 2077 uni.

707 2099 756 2127 Sic
774 2098 943 2135 praefracta
960 2099 1040 2134 licet,
1057 2098 1231 2126 coalescent
1249 2103 1382 2134 pectora,
1401 2098 1495 2135 stirpe

707 2147 758 2176 Sic
775 2147 914 2176 florentis
930 2156 1018 2176 amor
1035 2147 1119 2184 pacis
1136 2147 1298 2176 revirescet
1314 2148 1353 2175 ab
1370 2147 1441 2175 ima.
