1883 2730
465 215 529 252 276
858 221 955 245 MUSA
979 221 1116 244 LATINA
1142 220 1423 244 ABERDONENSIS.

461 303 543 336 dizzy
556 302 621 334 cliff,
637 306 666 328 to
682 302 728 328 kil}
744 311 822 328 some
836 301 866 328 of
885 311 930 336 my
945 303 1012 328 dear
1025 301 1132 328 friends
1149 302 1203 328 and
1217 302 1285 328 then
1301 301 1367 327 seek
1383 300 1477 334 safety
1497 300 1524 326 in
1540 300 1628 333 flight.
1669 301 1746 333 Scot,
1763 308 1819 334 you

461 347 572 373 arethe
586 355 681 379 cause,
695 355 711 372 a
726 347 809 372 letter
823 347 924 372 should
939 347 1011 372 have
1026 347 1085 372 told
1101 355 1144 372 me
1159 347 1222 371 how
1236 355 1290 379 you
1305 354 1378 371 were
1393 345 1448 371 and
1462 344 1617 370 alleviated
1633 353 1678 378 my
1692 344 1815 378 anxiety.

464 391 539 424 Why
554 399 585 416 so
599 391 665 423 long
679 390 786 416 silent?
825 391 884 417 Can
901 391 911 416 Ι
928 391 1034 416 believe
1049 400 1104 425 you
1125 391 1196 416 have
1211 390 1288 424 quite
1309 390 1449 422 forgotten
1466 398 1509 415 me
1523 390 1533 414 ?
1566 390 1655 423 Truly
1672 390 1682 415 1
1698 398 1752 415 can
1767 393 1816 414 not

463 434 572 460 believe
593 434 622 460 it.
663 435 686 460 Α
706 439 786 460 truce
808 439 835 460 to
856 435 964 469 delayS‚
980 436 1059 465 then,
1081 444 1112 460 so
1136 435 1199 460 that
1224 435 1234 460 Ι
1260 443 1325 468 may
1345 435 1427 460 know
1448 433 1470 459 if
1487 442 1534 468 my
1554 434 1668 460 dreams
1688 441 1736 459 are
1755 438 1818 459 true

464 487 496 504 or
517 478 596 504 salse.

464 653 559 684 XIX.
605 653 898 684 CLARISSIMO
943 652 1340 692 DOCTISSIMOQUE
1387 651 1515 688 VIRO,
1560 652 1599 682 D.
1646 651 1817 683 IOANNI

552 709 714 745 SCOTO,
748 709 913 749 EQUITI
954 708 1166 745 AURATO,
1199 707 1507 740 SERENISSIMI
1551 707 1690 738 REGIS
1726 707 1819 738 BRI-

550 760 847 792 TANNIARUM
883 760 1255 792 CANCELLARIAE
1294 759 1567 796 DIRECTORL
1605 759 1817 791 IOANNES

551 812 844 844 LEOCHAEUS
870 813 980 845 D.S.P.
1006 812 1342 844 EDINBURGUM.

866 888 991 918 [Delitiac
1004 889 1136 912 Poetarum
1151 889 1291 915 Scotorum,
1305 888 1329 911 ii.
1343 888 1410 917 483]

667 955 769 992 Quam
787 954 873 991 legis,
891 954 967 982 haec
984 954 1043 982 ista
1059 954 1113 982 tibi
1130 953 1213 982 venit
1229 953 1362 990 epistola
1378 953 1416 981 ab
1433 953 1514 986 urbe,

708 1004 809 1041 Quam
828 1003 909 1031 subit
925 1003 1102 1039 hospitibus
1120 1002 1264 1039 Sequana
1281 1002 1399 1039 primus
1415 1002 1515 1039 aquis.

669 1052 813 1088 Sequana
830 1061 890 1085 rne,
907 1052 1065 1088 vallesque
1082 1052 1163 1080 haud
1180 1061 1242 1080 una
1258 1051 1319 1080 vite
1335 1051 1443 1080 beatae

711 1101 749 1128 Et
766 1106 849 1129 tenet
865 1106 991 1129 externo
1007 1100 1109 1129 nobile
1127 1110 1196 1129 vere
1212 1100 1323 1134 solum,

483 1159 500 1188 5
668 1150 840 1178 Fallentem
859 1150 960 1178 Musis
976 1155 1005 1178 et
1021 1149 1100 1178 dulci
1118 1149 1255 1178 carmine
1271 1158 1371 1183 ειη-38,

708 1198 746 1226 At
764 1199 881 1227 tristem
900 1198 929 1226 in
947 1198 1058 1226 mediis
1075 1198 1304 1235 sollicitumque
1321 1197 1405 1226 iocis.

667 1248 781 1276 Tristis
797 1257 864 1283 ego.
882 1257 937 1276 nec
955 1247 1030 1276 scire
1045 1255 1150 1276 tamen
1167 1257 1245 1284 quac
1260 1256 1354 1275 causa
1371 1246 1496 1280 doloris,

709 1297 770 1325 Aut
786 1307 838 1325 cur
855 1297 929 1325 hacc
946 1297 1039 1325 lateat
1057 1302 1177 1333 pectore
1193 1305 1275 1330 cura,
1292 1296 1371 1324 licet.

670 1346 740 1374 Non
758 1355 844 1374 amor
860 1346 918 1379 hic,
938 1346 1039 1379 Scote,
1056 1350 1113 1378 est,
1131 1354 1186 1373 nec
1203 1354 1251 1373 me
1266 1349 1351 1373 tenet
1367 1345 1428 1372 ulla
1447 1344 1576 1379 Neaera,

469 1405 503 1423 10
707 1394 860 1432 Quamvis
876 1395 1065 1423 carminibus
1084 1394 1224 1422 panthea
1240 1393 1320 1422 dicta
1338 1393 1425 1421 meis.

672 1443 724 1471 Ille
741 1443 816 1472 deus
833 1444 940 1478 laetos,
958 1443 1034 1472 deus
1051 1443 1100 1471 ille
1117 1443 1265 1471 tenaciter
1280 1448 1368 1479 urget

709 1493 795 1530 Quos
812 1492 894 1521 videt
911 1492 941 1520 in
959 1492 1044 1520 molli
1061 1501 1173 1528 ponere
1190 1492 1328 1520 membra
1344 1497 1422 1525 tor0‚

668 1542 754 1580 Quos
770 1542 852 1570 videt
869 1542 898 1569 in
915 1542 1008 1578 Tyria
1026 1542 1136 1570 molles
1152 1541 1291 1570 incedere
1308 1541 1398 1578 palla,

711 1591 750 1618 lit
769 1591 934 1619 Sibetliaco
952 1600 1097 1627 spargere
1113 1591 1204 1619 odore
1221 1590 1321 1618 sinus.

470 1649 503 1677 15
670 1639 717 1666 An
735 1649 783 1668 me
800 1639 892 1675 igitur
908 1644 1000 1668 cantu
1019 1639 1189 1667 nimiumve
1207 1639 1384 1675 potentibus
1401 1637 1503 1667 herbis

711 1688 846 1716 Devovit
863 1688 973 1716 tacitae
990 1694 1126 1724 tempore
1140 1687 1240 1716 noctis
1257 1697 1336 1715 anus
1352 1687 1362 1715 ?

668 1737 716 1764 An
734 1746 782 1765 me
797 1737 973 1773 composuit
991 1736 1109 1764 similes
1126 1736 1154 1764 in
1173 1736 1310 1772 imagine
1326 1737 1440 1771 vultus,

711 1785 752 1814 Et
769 1795 837 1814 mea
853 1786 1017 1814 Colchiaca
1034 1791 1155 1822 pectora
1174 1785 1238 1814 fixit
1254 1787 1334 1814 acu?

669 1835 821 1873 Quicquid
839 1835 866 1862 id
883 1840 940 1869 est,
957 1844 1006 1863 me
1023 1834 1120 1862 tristis
1137 1834 1237 1862 hiems
1254 1835 1402 1869 languore
1419 1840 1565 1871 metuque

465 1893 503 1913 20
710 1883 761 1911 Me
777 1883 1001 1912 circumvolitat
1026 1883 1157 1920 plurima
1173 1883 1354 1912 maestitieS.

669 1932 799 1960 Somnia
815 1942 864 1961 me
877 1937 999 1967 terrent,
1017 1941 1065 1960 me
1082 1931 1201 1960 turbida
1218 1932 1318 1960 noctis
1334 1932 1449 1969 imago,

708 1982 811 2019 Quum
829 1990 908 2017 vaga
924 1980 1057 2009 fraterna
1074 1980 1209 2018 Cynthia
1226 1981 1290 2010 luce
1307 1981 1408 2014 micat,

668 2032 832 2069 Quumque
849 2030 940 2058 simul
958 2031 1149 2066 pecudesque
1165 2039 1284 2064 omneS,
1302 2031 1513 2067 volucresque,
1531 2029 1671 2066 ferasque

710 2080 810 2116 Atque
827 2079 980 2112 homines,
998 2079 1137 2115 placidus
1153 2084 1261 2107 stravit
1277 2079 1316 2107 ab
1332 2088 1388 2108 axe
1405 2089 1504 2116 sopor.

467 2137 501 2165 25
669 2129 750 2156 Nam
768 2129 859 2156 modo
875 2128 913 2155 ab
929 2127 1049 2156 insidiis
1066 2128 1197 2155 multum
1216 2127 1350 2156 fallentis
1365 2128 1455 2157 amici

708 2176 921 2213 Sanguineam
940 2176 1068 2213 pedibus
1085 2177 1181 2205 tundo
1197 2182 1342 2205 cruentus
1359 2177 1509 2211 humum;
