1883 2730
443 193 507 232 376

443 290 479 319 35

442 537 480 562 40

443 780 480 809 45

444 1024 481 1052 50

443 1268 479 1297 55

445 1506 482 1532 60

840 199 865 221 M
871 198 934 222 UsA
962 197 1069 221 LATIN
1075 197 1097 220 A
1122 196 1191 220 ABE
1197 195 1399 220 RDONENSIS,

688 280 780 308 Haud
797 279 936 308 nocitura
952 284 1057 308 tamen
1074 283 1103 307 te
1119 278 1187 306 viso
1201 287 1206 306 :
1231 276 1374 313 coniugis
1390 275 1530 304 umbram

687 329 860 357 Laodamia
876 328 923 356 sui
940 327 984 356 sic
1001 327 1112 364 pressit
1129 327 1269 362 laetaque
1285 325 1382 354 vitam

687 378 860 406 Exhalasse
876 377 931 405 viri
949 381 1137 405 memoratur
1155 375 1291 411 imagine
1306 379 1406 410 capta.

725 427 807 466 Quid
823 436 896 455 vero
913 426 1074 463 amplexus
1091 425 1228 462 petimus
1244 423 1322 452 tanti
1339 422 1472 460 hospitis
1486 421 1497 450 ?
1524 422 1612 450 Eheu

686 477 767 505 Vota
783 481 995 510 retractamus,
1014 474 1130 511 patriae
1146 483 1218 501 nam
1236 472 1341 500 fumus
1359 471 1467 509 Ulyssi

685 525 808 554 Gratior
823 524 974 553 illecebris
989 523 1046 552 etsi
1065 522 1196 558 Lotique
1214 522 1362 558 Deaeque

687 574 769 602 Solis
786 573 965 602 inaccessos
981 571 1100 600 habitat
1116 580 1194 607 quae
1211 570 1274 599 filia
1290 571 1384 605 lucos,

685 623 834 651 Attamen
851 622 1012 658 amplexfis
1028 621 1109 648 haud
1127 625 1250 648 nostrae
1267 619 1343 648 haec
1359 628 1488 647 munera
1504 617 1576 647 sorti

685 671 894 704 Conveniunt,
912 669 1038 706 gemino
1054 668 1142 706 queis
1157 668 1207 697 vix
1224 677 1278 705 par
1293 667 1374 696 orbis
1390 667 1428 696 ab
1443 676 1507 696 axe.

685 721 811 749 Alcidae
828 729 883 748 nec
899 719 980 748 enim
997 719 1123 746 debetur
1139 717 1236 754 gloria
1252 722 1339 745 tanta

687 769 801 798 Fixerit
817 769 989 805 aeripedem
1007 776 1129 796 cervam
1147 767 1224 801 licet,
1241 771 1334 803 atque
1350 771 1395 794 tot
1411 774 1520 794 omnes

687 818 840 855 Sparserit
858 817 887 845 in
904 822 1002 846 terras
1018 816 1159 853 gravium
1177 820 1381 844 monumenta
1398 815 1550 849 laborum,

686 868 810 905 Quanta
827 867 892 900 tibi,
910 875 959 894 rex
976 874 1100 901 magne,
1117 864 1182 899 tibi,
1199 864 1247 893 cui
1264 869 1404 892 monstra
1421 863 1580 893 tremenda

688 915 874 943 Edomuisse
890 915 1008 949 datum,
1026 923 1104 950 quae
1123 913 1223 942 Roma
1238 913 1343 942 effudit
1360 918 1389 942 et
1406 913 1473 950 ipsa

686 964 812 992 Viscera
829 963 948 992 telluris
965 968 1107 992 nostrae:
1132 962 1272 999 graviore
1288 962 1400 999 periclo

688 1012 927 1041 Deucalionaeis
943 1021 1035 1049 quam
1053 1021 1113 1049 quo
1129 1020 1248 1040 crevere
1265 1011 1322 1039 sub
1339 1011 1430 1039 undis

687 1062 828 1090 Monstra
844 1071 880 1090 ea
897 1061 1071 1090 Phoebaeis
1086 1061 1241 1097 quondam
1259 1058 1379 1088 confixa
1397 1059 1530 1097 sagittis.

686 1112 725 1139 At
742 1111 836 1139 veluti
857 1110 1029 1139 Herculeus
1045 1110 1224 1146 peregrinas
1240 1109 1312 1138 alite
1328 1108 1411 1137 fama

686 1159 745 1188 Tot
763 1159 851 1196 liquit
868 1159 1070 1188 memoranda
1086 1159 1171 1187 labor
1186 1158 1374 1186 documenta
1390 1166 1442 1194 per
1457 1166 1538 1192 oras,

688 1209 780 1237 Haud
797 1218 886 1237 secus
902 1208 974 1236 hinc
989 1212 1089 1236 totum
1107 1207 1205 1236 virtus
1221 1212 1274 1235 tua
1291 1205 1359 1235 fusa
1377 1216 1428 1243 per
1443 1207 1556 1236 orbem.

687 1259 757 1287 Sint
777 1258 898 1291 Batavi,
918 1257 1107 1293 Batavisque
1124 1256 1225 1285 hostis
1242 1256 1281 1284 sit
1300 1255 1397 1284 Iberia
1413 1255 1513 1292 testis,

688 1307 796 1344 Sitque
812 1306 915 1335 omnis
934 1305 1033 1335 Rheni
1051 1311 1178 1339 tractus,
1196 1313 1317 1342 quaque
1332 1305 1394 1333 alta
1411 1303 1527 1333 fluenta

685 1356 808 1385 Vistula
825 1360 869 1384 tot
887 1355 992 1391 riguos
1008 1355 1145 1392 spatiose
1162 1353 1290 1382 effundit
1308 1354 1337 1381 in
1354 1363 1456 1390 agros.

688 1406 727 1433 Et
744 1414 859 1441 magna
878 1404 1034 1439 Hadriaci,
1052 1403 1174 1437 Veneti,
1191 1412 1247 1431 vos
1263 1403 1361 1440 gloria
1377 1402 1473 1440 ponti,

685 1454 749 1482 Vos
765 1454 859 1491 (quod
876 1453 906 1481 in
924 1454 1006 1482 hunc
1022 1452 1115 1481 toties
1131 1452 1238 1481 oculos
1253 1457 1345 1489 atque
1361 1461 1413 1480 ora
1430 1450 1538 1480 referre

688 1503 814 1531 Publica
830 1512 878 1531 res
895 1502 1032 1539 moneat)
1049 1511 1116 1535 vos,
1134 1501 1270 1538 inquam,
1287 1501 1410 1538 appello
1426 1500 1579 1538 fidemque

686 1552 829 1581 Vestram
848 1551 943 1585 illam,
960 1560 1052 1587 quam
1070 1560 1131 1579 non
1149 1551 1280 1587 populos
1296 1550 1388 1578 modo
1405 1549 1530 1584 flexerit,
1547 1555 1579 1578 at
1595 1560 1687 1587 quam

687 1601 727 1629 Et
744 1609 831 1637 reges
848 1605 934 1637 regat
950 1600 1000 1628 hic
1015 1605 1045 1628 et
1061 1609 1153 1636 quam
1171 1609 1252 1627 unus
1269 1599 1350 1628 mole
1366 1609 1422 1627 sua
1438 1604 1506 1628 stet.

688 1651 759 1679 Non
775 1653 817 1678 'ita
833 1649 1016 1677 Tantalides
1033 1649 1150 1677 iuratos
1166 1648 1276 1677 Aulide
1293 1648 1421 1677 Graissm

684 1699 745 1727 Tot
761 1708 850 1735 reges
867 1707 1035 1735 regumque
1051 1703 1160 1726 atavos
1178 1706 1347 1734 regumque
1363 1701 1492 1733 nepotes

689 1747 809 1776 Enituit
827 1757 928 1783 supra,
947 1746 1024 1775 solio
1041 1746 1192 1774 subnixus
1207 1746 1343 1774 eburno:

688 1797 751 1825 Aut
766 1796 877 1824 domus
893 1795 1094 1832 omnipotens
1109 1795 1185 1823 caeli
1201 1795 1274 1823 dum
1291 1793 1445 1831 panditur,
1462 1794 1564 1823 almus

689 1846 773 1874 Inter
789 1844 955 1881 permistos
974 1843 1064 1872 Divis
1080 1844 1191 1872 heroas
1206 1844 1244 1871 ab
1261 1843 1323 1871 alto

682 1894 802 1932 jupiter
817 1898 847 1922 et
863 1898 963 1921 totum
981 1898 1057 1921 nutu
1075 1902 1144 1921 curn
1163 1891 1300 1921 concutit
1316 1892 1439 1920 orbem:

685 1943 795 1982 Qualis
811 1942 942 1971 consilio
958 1951 1064 1977 regum
1083 1951 1302 1978 procerumque
1317 1946 1424 1970 coacto

688 1991 852 2029 (Progenie
868 1991 949 2026 hinc,
966 1991 1012 2019 bis
1028 1991 1129 2019 saecla
1146 1991 1250 2020 decem
1268 1995 1490 2027 numerataque
1507 1990 1596 2020 fastis

686 2042 787 2079 Quam
805 2045 850 2068 tot
865 2049 993 2068 avorum
1010 2039 1094 2068 effert
1111 2040 1205 2068 series
1222 2039 1407 2075 longissima
1422 2049 1541 2077 regum,

687 2089 770 2117 Hinc
786 2089 848 2118 veri
864 2094 956 2125 atque
971 2089 1059 2125 aequi
1077 2088 1179 2117 solerti
1197 2089 1354 2126 indagine)
1373 2089 1517 2117 Phoebus

687 2139 774 2176 Quos
789 2138 872 2167 videt
888 2138 937 2166 hic
953 2146 1042 2174 reges
1058 2147 1139 2165 unus
1156 2137 1364 2174 supereminet
1379 2146 1500 2166 omnes.
