1883 2730
431 531 463 559 ἶ5

437 777 473 794 20

439 1020 473 1047 ²5

441 1265 478 1292 30

443 1511 477 1538 35

444 1757 482 1781 40

447 1999 481 2027 45

811 247 832 269 xi
841 244 904 269 usix
931 245 1069 269 LATINA
1096 245 1394 270 .-x13ER1)oNENs·15.

629 325 798 361 Concessit,
816 326 960 362 quamvis
975 330 1178 362 consumptae
1196 325 1225 353 in
1245 325 1305 354 linc
1323 331 1468 354 senectae

633 373 735 402 Triste
752 374 797 402 sui
815 374 999 403 desiderium
1017 379 1087 410 post
1104 373 1167 402 fata
1184 374 1371 410 relinquens,

631 423 760 451 Euboici
777 423 890 460 dignus
906 423 1122 451 transcendere
1138 423 1272 460 pulveris
1289 432 1400 455 annos,

632 472 672 500 Et
689 471 793 509 Pylios
809 481 952 508 superare
969 472 1033 500 dies
1051 471 1281 508 Phrygiamque
1298 476 1468 500 senectam.

631 521 723 549 Scitis
738 521 831 556 enim,
848 526 877 549 et
894 530 1085 549 memorasse
1102 520 1196 554 iuvat,
1214 529 1284 548 cum
1302 521 1411 548 matris
1427 521 1464 548 ab
1481 520 1551 547 alvo

636 569 750 598 Prodiit
766 575 795 598 et
811 570 926 606 primas
943 569 1056 598 teneris
1074 569 1232 605 vagitibus
1247 579 1340 597 auras

637 618 773 655 Impulit,
791 619 872 646 hunc
888 618 1005 655 gremio
1022 623 1124 646 vestro
1141 618 1278 646 latuisse.
1326 618 1453 646 Levana

634 667 739 696 Adfuit
755 673 784 696 et
800 668 940 696 mulcens
957 674 1078 704 gratum
1098 667 1224 705 Ilithyia
1239 668 1387 696 dolorem.

636 716 724 744 Tunc
740 722 769 745 et
787 717 934 753 Calliope,
953 717 1016 744 nati
1034 722 1104 753 post
1122 715 1214 744 funus
1229 717 1373 744 acerbum

637 766 786 802 Orpheos,
804 765 905 794 arrisit
922 765 1065 802 primum,
1083 766 1257 801 plectroque
1275 765 1405 794 remisso

640 814 732 842 Hune
750 813 805 841 sibi
823 814 1017 850 progenitum
1035 813 1152 848 cecinit,
1172 823 1227 842 nec
1243 813 1339 842 defuit
1355 821 1458 842 omen:

639 862 722 890 Nam
740 863 831 890 simul
849 868 881 890 ut
897 872 1006 891 venere
1022 862 1106 894 anni,
1126 862 1294 898 praedivite
1311 872 1390 891 vena

639 911 800 947 Argolicas
815 911 959 940 exhausit
975 921 1059 948 opes,
1075 916 1105 939 et
1123 911 1253 939 Mantua
1270 910 1341 940 felix

642 961 673 989 Si
691 961 762 997 quid
780 960 907 989 miratur
925 961 1105 998 Smyrnaeis
1121 961 1244 988 aemula
1261 960 1394 997 plectris.

642 1009 765 1045 Dignus
781 1019 871 1046 quem
890 1015 1038 1046 premeret
1054 1009 1221 1037 commixta
1238 1018 1368 1046 quercus
1385 1009 1477 1044 oliva,

643 1059 783 1088 Ultimus
799 1058 927 1087 emerito
943 1059 1045 1086 redeat
1063 1058 1087 1086 si
1107 1058 1234 1086 Flavius
1251 1058 1324 1086 orbi.

640 1107 711 1136 Non
731 1107 870 1144 Phryges
886 1107 933 1135 hic
951 1116 1065 1141 versos,
1084 1112 1246 1143 ereptaque
1263 1107 1374 1135 vellera
1392 1107 1527 1142 Colchis,

643 1156 839 1192 Dulichiique
857 1155 961 1192 sugam
980 1156 1071 1193 regiS‚
1088 1165 1148 1184 non
1167 1165 1252 1184 arma
1269 1156 1394 1184 deorum

644 1205 783 1242 Impulsu
801 1210 899 1233 tentat
916 1214 1006 1238 vano,
1025 1206 1077 1233 sed
1095 1205 1183 1233 docta
1199 1211 1362 1233 canentem

646 1254 741 1289 Regia
759 1255 906 1282 maiestas
923 1254 1041 1282 monita
1058 1259 1103 1282 est
1122 1255 1242 1288 mirata,
1262 1254 1429 1282 Britannos

645 1303 726 1330 Dum
743 1303 898 1330 collaudat
915 1313 991 1330 avos
1007 1308 1036 1331 et
1054 1312 1170 1338 magno
1187 1308 1351 1331 stemmate
1367 1303 1460 1331 ducit.

643 1352 743 1389 Quem
761 1351 785 1378 si
804 1352 902 1388 prisca
919 1357 1014 1385 aetas,
1033 1351 1056 1379 si
1075 1352 1174 1379 saecla
1192 1351 1319 1387 antiqua
1336 1352 1492 1385 tulissent,

644 1401 714 1428 Non
733 1405 854 1428 tantum
872 1400 994 1428 Aeneas
1011 1400 1172 1428 habuisset
1189 1409 1315 1434 nomen,
1333 1406 1362 1428 et
1379 1400 1444 1428 axis

644 1450 817 1478 Thessalus
833 1450 965 1478 obscuro
982 1449 1085 1478 forsan
1104 1449 1246 1478 latuisset
1265 1449 1294 1477 in
1312 1450 1393 1483 orbe,

645 1499 778 1534 Cognita
795 1507 850 1526 nec
870 1498 968 1532 Dirce,
987 1497 1136 1526 Thebana
1153 1503 1205 1526 aut
1223 1498 1299 1526 bella
1317 1498 1460 1531 fuissent,

647 1547 711 1576 Nec
729 1547 838 1576 Medea
855 1557 928 1575 suos
945 1547 1070 1575 iactaret
1088 1557 1166 1575 vana
1185 1547 1322 1583 labores3

649 1597 708 1625 Sed
726 1606 780 1624 nec
798 1595 880 1624 sama
898 1597 1009 1632 loquax
1026 1602 1211 1624 memoraret
1230 1596 1346 1624 Punica
1363 1597 1432 1630 tela,

649 1646 793 1682 Improba
809 1650 839 1673 et
856 1645 1011 1672 Aemathii
1030 1654 1084 1672 nec
1104 1644 1181 1672 lulia
1198 1644 1329 1672 fulmina
1347 1645 1425 1673 belli.

647 1694 727 1732 Quin
747 1693 847 1721 maius
864 1694 979 1730 loquar,
996 1693 1139 1730 Aegypto
1156 1693 1197 1720 illi
1214 1694 1332 1722 cederet
1349 1699 1434 1722 ortus

646 1743 705 1781 Qui
723 1742 805 1771 canit
822 1742 999 1777 Augustum
1017 1747 1046 1770 et
1063 1742 1168 1777 magni
1188 1742 1347 1770 Stiliconis
1364 1743 1505 1771 honores,

650 1793 713 1820 Nec
731 1791 817 1819 satis.
863 1790 1011 1819 Obscuris
1028 1790 1052 1818 si
1070 1800 1148 1826 quae
1165 1791 1236 1818 olim
1255 1791 1376 1827 ingrata
1393 1796 1532 1819 vetustas

649 1841 799 1869 Obruerat
815 1840 959 1873 tenebris,
978 1839 1018 1866 illi
1036 1839 1120 1867 labor
1137 1839 1246 1867 unicus
1263 1839 1325 1867 orbi

651 1890 802 1924 Promere,
820 1894 849 1917 et
866 1888 1010 1916 historias
1028 1897 1080 1924 per
1096 1894 1235 1924 tempora
1252 1898 1378 1916 noscere
1394 1894 1494 1917 certa:

650 1940 693 1968 Ut
710 1938 874 1967 metuenda
891 1938 980 1966 Getis
996 1937 1104 1965 indixit
1121 1937 1198 1964 bella
1217 1937 1380 1970 Sesostris,

652 1989 692 2016 Et
711 1987 839 2015 Pharios
856 1995 961 2023 regum
979 1995 1084 2014 currus
1101 1985 1270 2014 cervicibus
1286 1985 1357 2021 egit,

650 2037 798 2073 Assyrius
814 2045 868 2064 ceu
886 2035 990 2063 fraena
1005 2034 1097 2068 orbis,
1114 2044 1168 2062 ceu
1187 2034 1269 2069 regia
1288 2034 1399 2062 Medus

651 2086 779 2122 Sceptra
795 2084 874 2118 tulit,
892 2093 946 2112 ceu
966 2083 1077 2111 Persae
1094 2082 1205 2111 Oriens
1221 2082 1347 2110 admisit
1364 2083 1511 2117 habenas,

649 2135 712 2163 Ceu
732 2133 859 2162 Macedo
877 2132 1038 2168 imperium
1056 2131 1164 2165 tenuit,
1180 2141 1235 2159 ceu
1253 2131 1348 2159 milite
1366 2131 1433 2159 forti

652 2183 829 2212 Perdomuit
846 2187 963 2217 gentes,
982 2187 1110 2216 urgente
1126 2180 1270 2216 cupidine
1288 2179 1396 2214 laudis,
