1903 2724
602 226 714 250 DAVID
740 226 865 250 LEECH.
1368 226 1405 257 35

259 309 397 338 Moribus
413 313 442 338 et
458 308 521 337 vita
538 307 728 344 insequitur:
750 307 800 343 qui
819 307 907 335 laude
924 307 1049 344 perenni

259 359 450 393 Gregoriana
467 358 576 386 avidae
593 357 688 386 volvit
705 357 824 385 decreta
842 356 1006 386 iuventae:

260 408 388 436 Caerula
405 407 451 436 cui
469 407 609 435 meritam
628 406 730 442 plectit
747 406 878 434 Galatea
893 406 1038 434 corollam

262 456 306 484 Ex
323 456 433 484 hedera
451 456 598 491 lauruque
614 459 643 482 ct
660 454 820 491 purpureis
837 454 1022 491 hyacinthis.

262 504 389 539 l'raeser,
407 509 436 533 et
454 505 608 540 inceptum
628 503 744 540 placide
761 503 804 532 sic
822 503 930 540 perfice
948 513 1077 540 pensum

263 554 343 582 Nate
362 553 436 587 Deo,
455 558 578 581 nostrae
595 553 733 581 recolens
749 562 834 581 sacra
852 552 916 580 iura
932 552 1062 582 carinae.

62 466 114 495 ι75

264 603 383 631 Perstat
399 602 499 630 adhuc
516 601 602 637 gnari
622 611 710 630 niens
727 601 890 638 irrequieta
907 602 1057 638 magistri,

264 651 483 687 lixhilaratque
499 660 609 685 aegras
625 650 705 678 dulci
723 651 935 680 modulamine
952 657 1093 680 mentes:

264 699 325 728 Dat
342 705 494 736 quartum,
512 699 561 735 qui
579 699 625 727 vel
643 699 759 728 cithara
776 700 823 728 vel
842 709 916 728 voce
932 709 1044 728 canora

263 749 404 777 Concitet
422 748 610 776 harmonicis
626 748 772 776 caelestia
789 748 919 776 numina
936 749 1099 786 rhythmis,

269 797 353 826 Ilicet
370 798 418 826 hic
436 797 484 826 ille
501 802 547 826 est
564 797 720 826 redivivus
736 797 888 826 Thracius
905 798 1058 834 OrpheuS,

266 847 411 875 Carmine
428 847 478 883 qui
496 846 616 881 fluvios,
634 847 680 875 vel
701 847 943 883 Methymnaeus
960 847 1055 875 Arion

266 895 323 934 Qui
342 896 456 932 plectro
473 895 583 924 mediis
599 895 779 932 delphinum
798 895 918 924 flectere
935 896 964 923 in
984 896 1075 924 undis

266 945 409 974 Assolet:
433 945 481 973 hic
497 945 615 982 primus
632 945 835 982 princepsque
851 945 997 973 choraula
1014 945 1135 973 carinae
1151 950 1198 973 cst

267 994 389 1023 Caelica
406 994 567 1022 dulcisono
583 995 715 1023 celebrat
731 994 781 1030 qui
800 994 929 1022 numina
946 1000 1048 1023 cantu.

268 1046 369 1073 Instat
386 1054 492 1078 ovans,
511 1050 539 1072 et
556 1054 635 1081 opus
652 1043 744 1072 solito
760 1044 820 1072 dux
837 1043 954 1080 perficit
970 1054 1057 1078 ausu,

267 1093 359 1122 Addit
376 1103 452 1130 opes
468 1099 497 1122 et
513 1103 603 1129 opem
621 1093 756 1129 reliquis,
774 1093 930 1129 validique
948 1092 1066 1121 Ledani

269 1143 489 1171 Luxurianteni
508 1143 646 1170 animum
664 1142 773 1170 merita
789 1142 926 1170 mercede
944 1142 1097 1175 remulcet,

270 1192 372 1220 Prima
388 1192 435 1220 cui
454 1191 623 1220 indomitae
638 1191 808 1220 commissa
824 1196 871 1219 est
887 1201 958 1219 cura
976 1191 1119 1219 iuventae
1134 1200 1139 1223 ;

269 1241 327 1279 Qui
346 1241 414 1270 licet
432 1241 580 1269 indociles
597 1240 699 1268 navali
717 1240 773 1268 hac
789 1245 852 1268 arte
869 1240 984 1268 tirones

273 1291 397 1318 Imbuat
415 1289 627 1326 informetque,
644 1289 695 1318 olli
713 1295 828 1318 tamem
846 1289 980 1317 entheus
996 1289 1085 1317 ardor

270 1341 339 1378 Quo
356 1340 438 1368 valet
455 1339 680 1375 Arcturumque
698 1339 844 1375 ipsosque
862 1344 967 1367 notare
984 1338 1126 1373 Triones,

269 1389 495 1425 Armatunique
511 1398 585 1417 auro
601 1388 808 1425 circumspicit
825 1388 951 1416 Oriona.

271 1439 351 1477 Quid
369 1437 497 1466 referam
516 1437 545 1465 in
564 1437 667 1466 socios
682 1446 787 1465 curam
806 1437 1006 1474 regimenque
1024 1437 1164 1466 minores

271 1488 356 1525 (Ipse
373 1493 459 1524 pater
475 1487 531 1515 toti
547 1487 628 1523 quod
645 1487 853 1515 declaraverat
869 1486 944 1524 orbi)
960 1487 970 1514 ?

271 1537 330 1575 Qui
348 1546 429 1564 nunc
447 1541 607 1573 provectae
624 1535 789 1571 invigilant
805 1544 874 1564 cum
892 1535 980 1564 laude
998 1535 1148 1569 iuventae,

272 1586 410 1624 Quisque
428 1585 531 1622 gregis
548 1585 659 1622 proprii
677 1585 840 1621 inspector,
858 1585 927 1613 licet
943 1585 1049 1613 ordine
1066 1585 1221 1621 quondam

274 1635 414 1663 Confuso
432 1634 608 1670 illicitoque,
626 1643 723 1670 vagae
740 1643 809 1662 cum
826 1634 911 1662 clade
929 1634 1081 1662 iuventae.

273 1685 402 1713 Caetera
419 1683 490 1720 quid
507 1692 675 1711 memorem
692 1682 702 1710 Ρ
748 1683 871 1711 Victum
889 1682 1030 1719 viresque
1045 1683 1188 1719 virosque

275 1733 408 1767 Addidit,
426 1733 578 1761 innocuae
594 1737 664 1769 post
680 1737 725 1760 tot
741 1731 902 1769 dispendia
920 1732 1023 1768 puppi,

273 1782 388 1810 Annua
405 1781 521 1810 securis
537 1781 709 1818 importans
725 1781 890 1810 commoda
907 1781 1012 1809 nautis

64 704 118 730 180

67 947 119 984 185

69 1203 123 1230 ¹90

72 1448 124 1477 ¹95

72 1696 128 1715 200

123 1871 176 1895 173.
194 1863 250 1887 The
258 1863 343 1887 Codex
353 1863 534 1893 Gregorianus,
545 1870 571 1886 or
582 1862 722 1886 collection
732 1863 760 1886 of
769 1863 884 1894 Imperial
897 1862 1082 1886 Constitutions
1090 1863 1123 1893 by
1132 1863 1174 1886 the
1184 1867 1252 1893 great
1260 1863 1332 1893 jurist
1341 1863 1369 1885 of
1377 1863 1431 1885 that

71 1913 144 1929 name
158 1905 235 1928 under
249 1904 425 1927 Constantine.

122 1948 175 1969 180.
193 1946 249 1969 The
267 1945 340 1968 office
357 1945 386 1969 os
401 1945 503 1972 Cantor,
517 1945 614 1968 Gilbert
628 1944 699 1968 Ross.
736 1944 773 1975 By
785 1952 799 1968 a
812 1945 939 1968 visitation
958 1945 987 1968 os
1002 1944 1173 1968 Commission
1190 1944 1250 1967 from
1265 1944 1374 1967 General
1388 1945 1433 1966 As-

71 1987 174 2018 sembly,
193 1986 333 2017 Thursday,
355 1987 413 2009 11th
430 1986 507 2017 April,
528 1987 595 2015 1639,
615 1989 628 1998 ¹⁴
642 1986 744 2009 M-iister
762 1986 859 2009 Gilbert
879 1986 950 2013 Ross,
968 1990 1082 2012 cantour.
1101 1993 1152 2008 wes
1170 1985 1321 2015 dischargeit
1340 1992 1368 2007 as
1386 1992 1433 2007 ane

74 2027 244 2059 unprofitabill
259 2027 370 2050 member
381 2027 394 2035 ”
414 2026 558 2058 (Spalding.
573 2028 587 2050 i.
609 2027 671 2057 166).
707 2032 720 2039 *¹
734 2027 774 2050 Mr
787 2027 885 2050 Gilbert
901 2027 964 2050 Ross
982 2032 1008 2050 to
1026 2026 1056 2049 be
1075 2026 1186 2051 rmderf
1201 2026 1224 2048 in
1243 2026 1284 2048 the
1298 2026 1397 2048 Church
1410 2028 1434 2048 ot

77 2070 116 2092 St.
130 2069 244 2096 Machar,
258 2068 307 2092 Old
319 2067 458 2096 Aberdeen,
476 2074 528 2097 175.

126 2109 179 2133 188.
198 2109 323 2137 Ledanus,
338 2109 443 2132 Lundie.
480 2109 618 2132 Humanist
631 2108 660 2132 os
671 2109 761 2138 King's
776 2109 890 2139 College.

126 2152 178 2180 196.
198 2151 280 2178 Pater,
294 2149 461 2180 Elphinstone
474 2150 498 2172 in
511 2150 553 2173 the
567 2149 728 2173 Foundation
743 2150 854 2175 Charter,
869 2149 1034 2179 apparently;
1054 2154 1097 2172 not
1112 2149 1214 2171 Forbes.

128 2198 180 2221 197.
200 2191 276 2222 Early
289 2198 448 2222 appearance
461 2192 490 2214 o(
500 2191 541 2214 the
554 2191 661 2214 familiar
673 2190 802 2214 academie
815 2190 990 2220 terminology.
1007 2189 1180 2212 Provectiores
1193 2190 1242 2212 and
1256 2189 1372 2212 Tirones.

1427 607 1460 634 5³.
1481 604 1612 627 stabilitur
1628 604 1683 627 Pro-

1427 638 1504 661 fessio
1519 637 1641 664 Musicae,

1430 670 1573 693 l’rosessore
1588 669 1617 692 l).

1429 704 1571 726 (hirnea-ro
1586 703 1691 724 Rossm.

1435 1049 1464 1070 Ι).
1482 1048 1574 1069 lomim
1590 1046 1721 1068 Lus-naen

1432 1079 1603 1103 amaeniorum
1617 1077 1696 1100 litera-

1434 1120 1487 1135 rum
1503 1111 1639 1135 professori

1433 1152 1532 1168 annuos
1546 1143 1642 1167 reditus

1433 1178 1528 1201 reducit
1544 1176 1654 1199 Praesul.

1439 1439 1484 1461 Per
1497 1438 1608 1461 minores
1621 1437 1712 1464 socios,

1438 1476 1546 1502 quatuor
1562 1471 1688 1499 Regentes
1702 1469 1725 1492 in

1438 1503 1535 1527 artibus
1547 1503 1687 1529 subinnuit,

1439 1544 1502 1567 quos
1512 1535 1612 1566 quidem
1622 1535 1738 1565 singulos

1440 1569 1598 1592 Professores
1611 1567 1716 1590 reddidit

1439 1602 1537 1632 praesul
1551 1600 1582 1623 ad
1595 1600 1735 1623 maximum

1439 1633 1593 1657 Academiae

1439 1665 1610 1691 commodum.
