1883 2730
467 191 530 230 348
860 199 956 223 MUSA
981 199 1117 222 LATINA
1143 198 1422 223 ABERDONENSIS.

1004 279 1056 304 The
1075 279 1176 311 Collegc
1193 280 1302 311 Replies.

537 336 677 362 Gracious
691 341 719 362 to
734 345 776 369 us,
792 337 902 369 indeed,
918 346 991 363 were
1006 346 1072 363 ever
1085 337 1136 371 thy
1149 337 1233 370 gifts;
1256 345 1333 362 more
1355 336 1488 369 gracious
1503 336 1570 369 still,
1585 341 1666 369 great
1682 336 1820 369 William,

462 379 513 413 thy
527 385 733 406 countenance.
773 381 863 406 Could
886 389 987 414 prayer
1006 389 1037 406 or
1057 381 1133 414 price
1149 381 1234 406 recall
1255 381 1320 406 thee
1334 382 1363 406 to
1384 379 1440 410 life,
1455 379 1526 406 each
1546 380 1637 406 would
1656 388 1719 406 now
1735 381 1821 406 recall

462 423 528 449 thee
550 423 585 457 by
607 423 650 449 his
670 432 742 450 own.
784 425 847 456 But,
862 424 940 450 since
955 433 991 450 no
1005 433 1060 450 one
1073 433 1127 450 can
1148 433 1261 450 remove
1273 424 1349 450 cruel
1364 423 1432 456 fate,
1448 432 1488 449 we
1508 431 1578 457 pray
1592 424 1759 458 constantly
1775 423 1817 449 for

464 468 539 493 thee·
749 503 821 534 John
844 504 910 528 Vaus
929 504 955 527 in
974 504 1062 527 Praise
1079 503 1110 534 of
1124 503 1175 527 this
1197 503 1275 527 Work
1293 503 1346 526 and
1363 503 1396 526 its
1415 503 1523 526 Author.

535 559 562 586 If
574 569 629 594 any
644 561 724 594 glory
738 561 837 587 awaits
851 561 972 595 grateful
989 561 1082 587 minds
1097 562 1151 587 and
1168 561 1284 586 learned
1299 561 1396 592 books,
1413 560 1435 586 if
1446 561 1526 586 there
1541 560 1574 586 be
1589 569 1646 594 any
1660 561 1821 593 advantage
1873 588 1883 597 Α

463 603 490 629 in
515 604 647 638 knowing
669 606 717 631 the
737 605 854 631 descent
874 605 905 631 of
927 614 978 631 our
998 605 1079 637 sires,
1103 605 1277 638 evcrlasting
1299 605 1379 638 glory
1398 605 1450 630 has
1470 605 1542 630 been
1563 605 1665 637 gained
1685 604 1722 638 by
1744 605 1820 637 thee,

465 648 574 673 Hector
596 649 696 680 Boece,
716 649 779 674 who
800 649 826 674 in
848 658 901 675 one
921 649 993 675 book
1014 650 1078 675 dost
1097 654 1215 675 recount
1237 658 1268 674 so
1289 657 1374 682 many
1389 648 1518 681 exploits.
1559 648 1663 680 While,
1678 648 1757 680 then,
1773 648 1821 674 the

464 691 517 716 See
540 692 572 717 of
595 692 742 718 Aberdeen
765 693 836 719 shall
858 694 941 719 stand
961 694 1017 718 and
1038 693 1074 718 its
1094 693 1191 724 altars,
1210 693 1245 718 its
1266 692 1362 725 bridge
1380 693 1435 717 and
1457 692 1493 718 its
1513 692 1629 725 college,
1647 699 1719 725 your
1738 691 1821 717 noble

463 736 538 761 work
554 736 625 762 shall
642 737 736 762 stand.

463 812 685 844 DOMINUS
701 813 1022 846 GUlLHELMUS
1040 813 1430 844 ELPHYNSTONUS.
1447 811 1820 844 ABERDONENSIS

593 865 858 903 EPISCOPUS,
886 866 945 896 ET
969 866 1193 898 COLLEGII
1222 865 1667 896 SCHOLASTICORUM
1696 863 1820 895 ILLIC

595 917 890 949 INSTITUTOR
908 918 968 949 AC
998 918 1264 955 PATRONUS,
1284 917 1563 949 COLLEGIUM
1590 917 1724 948 SUUM
1744 916 1821 947 AL-

592 968 858 1002 LOOUITUR.

707 1030 834 1058 Palladii
853 1031 937 1064 socii,
955 1030 1067 1067 quibus
1083 1031 1142 1058 has
1157 1030 1333 1067 legavimus
1349 1030 1451 1063 aedes,

746 1079 894 1107 Extarent
911 1079 1005 1107 animi
1023 1089 1101 1116 quae
1117 1083 1321 1108 monumenta
1337 1078 1407 1112 mei,

703 1128 767 1156 Vos
782 1128 862 1156 colui
879 1128 996 1162 vivens,
1016 1128 1094 1157 inter
1110 1138 1166 1157 vos
1183 1137 1272 1156 mens
1289 1137 1357 1156 mea
1375 1126 1460 1161 vixit,

743 1177 808 1205 Vos
823 1186 927 1205 carum
944 1177 1014 1206 duxi
1033 1187 1155 1214 semper
1170 1177 1282 1205 habere
1298 1185 1405 1212 meos;

462 1235 477 1263 5
720 1227 759 1255 Et
776 1227 903 1256 memini
921 1227 1013 1256 vestri
1031 1227 1150 1261 vivenS,
1169 1231 1239 1264 post
1255 1225 1379 1262 fataque
1395 1225 1470 1253 dura

748 1274 966 1304 Immemorem
984 1275 1076 1304 vestri
1095 1275 1217 1304 reddere
1235 1275 1330 1302 Parca
1347 1273 1462 1309 nequit.

706 1324 744 1352 Et
761 1333 798 1352 ne
815 1324 929 1360 aliquid
947 1325 1043 1353 nostri
1060 1330 1196 1353 vestrum
1214 1323 1366 1352 desideret
1383 1322 1474 1356 ullus,

745 1372 836 1401 Hanc
852 1373 990 1401 animam
1009 1373 1037 1401 in
1055 1374 1149 1402 coelis
1165 1382 1239 1402 ossa
1255 1371 1368 1401 tenetis
1386 1371 1482 1400 humi.

703 1422 762 1459 Qui
780 1428 955 1450 nostrorum
973 1423 1066 1459 igitur
1082 1422 1138 1451 soli
1156 1421 1252 1450 nostri
1270 1420 1447 1454 remanetis,

464 1479 499 1500 10
744 1471 794 1500 Sic
811 1481 978 1501 memorem
995 1472 1089 1501 vestri
1106 1482 1154 1501 me
1171 1473 1326 1500 redamate
1342 1475 1470 1507 patrem.

960 1533 1132 1571 Respondet
1149 1532 1333 1570 Collegium.

703 1590 799 1618 Grata
815 1591 937 1627 quidem
955 1592 1045 1619 nobis
1061 1600 1182 1627 semper
1198 1596 1250 1619 tua
1266 1590 1347 1618 dona
1363 1588 1494 1622 fuerunt,

745 1639 868 1667 Gratior
883 1645 912 1668 et
929 1640 1043 1674 vultus,
1061 1649 1174 1676 magne
1191 1638 1378 1671 Guilhelme,
1395 1642 1477 1665 tuus.

704 1688 736 1716 Si
754 1697 841 1724 prece
857 1689 904 1717 vel
922 1689 1018 1725 pretio
1033 1689 1115 1717 vitae
1133 1687 1313 1717 revocabilis
1328 1695 1424 1720 esses,

743 1737 787 1765 Te
804 1742 922 1765 revocet
939 1737 1003 1765 vita
1020 1746 1101 1765 nunc
1119 1736 1176 1764 sibi
1193 1736 1323 1773 quisque
1339 1744 1404 1763 sua.

465 1794 497 1822 15
702 1786 759 1814 Sed
776 1786 847 1821 quia
865 1795 955 1814 nemo
972 1791 1073 1823 potest
1089 1785 1223 1814 crudelia
1238 1784 1301 1813 fata
1318 1793 1451 1817 movere,

743 1834 878 1862 Assiduo
895 1844 948 1870 pro
964 1840 993 1863 te
1010 1841 1082 1863 vota
1099 1843 1263 1871 precesque
1279 1833 1400 1861 damus.

662 1894 801 1932 Jnannes
830 1895 907 1924 Vnus
932 1895 960 1923 in
985 1895 1121 1923 Laudem
1147 1895 1253 1923 Huius
1277 1893 1386 1932 Operis
1408 1897 1434 1922 ct
1457 1893 1614 1921 Auctoris.

703 1951 734 1979 Si
751 1962 810 1988 qua
828 1958 931 1981 manet
947 1958 1052 1989 gratos
1068 1952 1191 1980 animos
1208 1952 1362 1988 librosque
1378 1951 1511 1980 disertos

741 2000 855 2035 Gloria,
874 2001 898 2029 si
916 2002 1039 2038 prodest
1056 2006 1224 2030 stemmata
1242 2009 1335 2028 nosse
1352 2005 1484 2036 patrum,

704 2049 795 2077 Parta
811 2049 863 2077 tibi
881 2055 938 2084 est,
958 2051 1074 2078 Hector
1091 2049 1210 2083 Boeoti,
1227 2049 1324 2085 gloria
1341 2048 1431 2085 iugis,

460 2107 498 2125 20
744 2098 817 2127 Uno
833 2099 883 2135 qui
902 2099 978 2127 libro
994 2104 1039 2128 tot
1055 2099 1132 2127 bene
1149 2103 1236 2135 gesta
1253 2097 1356 2126 refers.

700 2148 782 2182 Ergo
799 2147 1011 2176 Abberdoniae
1027 2149 1099 2176 dum
1117 2148 1206 2176 sedes
1223 2147 1316 2175 stabit
1332 2152 1361 2174 et
1377 2155 1457 2180 arae,

741 2195 823 2223 Pons
840 2202 869 2224 et
885 2197 1097 2233 gymnasium,
1115 2195 1216 2224 nobile
1234 2195 1327 2223 stabit
1344 2203 1432 2230 opuS.
