1883 2730
435 230 474 262 54

431 517 470 542 40

433 761 469 788 45

435 1004 472 1032 50

437 1249 472 1277 55

439 1485 477 1513 60

777 230 874 254 MUSA
899 230 1039 254 LATINA
1064 230 1358 254 ABERDONENSIS.

634 309 724 339 Tollo
739 316 840 348 caput,
857 316 977 348 patrum
995 320 1206 348 generosaque
1223 314 1388 339 stemmata
1405 309 1494 345 iacto,

634 360 730 397 Queis
747 360 954 397 praefecturae
969 360 1059 389 titulo
1076 359 1237 388 Buchania
1254 359 1370 396 pridem

636 408 749 444 Paruit,
766 414 796 437 et
812 409 933 438 modico
949 419 1027 446 quae
1043 409 1141 446 surgit
1159 408 1270 437 Banfia
1286 409 1371 442 colle,

636 458 780 496 Notaque
799 459 994 496 Dempsteris
1011 468 1063 496 per
1079 459 1202 488 saecula
1220 458 1366 486 Deurona
1383 456 1527 494 quinque.

635 506 701 535 Illic
717 507 820 543 ampla
836 508 956 542 domus,
974 507 1144 544 turritaque
1160 506 1283 535 moenia
1301 505 1406 543 pinnis

636 556 727 584 Stant
744 555 830 589 mihi,
847 561 876 584 et
893 567 910 584 a
927 555 1050 593 proavis
1065 555 1229 584 dimissum
1248 560 1401 583 stemma:
1426 553 1543 591 paterni

637 605 696 633 Hic
712 605 802 640 tituli,
820 610 849 634 et
866 605 964 641 patrio
981 605 1137 634 numerosi
1155 613 1238 634 more
1254 604 1392 634 clientes.

637 654 726 682 Forte
743 659 834 682 tenax
850 663 964 682 manus
980 659 1027 683 est
1043 660 1071 683 et
1087 655 1210 682 dextera
1227 662 1317 690 parca
1333 652 1530 686 monarchae,

635 702 735 740 Atque
751 703 900 732 exhausta
914 703 1004 732 novis
1019 703 1135 731 aeraria
1151 702 1234 737 regia
1251 701 1383 735 damnis,

636 751 677 779 Et
692 751 792 780 victus
809 757 935 789 sumptu
952 751 1055 780 fiscus.
1102 752 1162 780 Sed
1180 750 1307 788 prodiga
1324 749 1399 778 nulli

637 800 728 829 Mens
744 801 856 835 magis,
873 800 978 829 electis
995 800 1106 837 quippe
1123 799 1228 828 onmia
1245 799 1339 827 donat
1355 797 1464 826 amicis

634 849 734 877 Verus
750 849 930 883 Alexander,
950 849 1033 885 regni
1050 854 1214 878 contentus
1230 848 1356 882 honore,

637 898 734 934 Inque
750 898 863 926 animis
879 898 1041 927 hominum
1059 908 1147 926 veras
1165 897 1220 925 sibi
1239 906 1350 934 ponere
1366 896 1481 924 dudum

638 946 745 974 Suevit
761 955 845 982 opes.
890 946 1029 975 Comites
1046 947 1105 974 illic
1123 945 1289 982 praedivite
1306 954 1411 979 censu,

638 994 710 1023 Istic
729 995 866 1023 Baroncs
883 1005 960 1032 quos
976 995 1057 1023 vexit
1074 995 1111 1023 ad
1128 995 1222 1023 ardua
1238 995 1336 1022 virtus

638 1043 677 1071 lit
694 1043 788 1078 favor,
805 1044 853 1072 hic
872 1044 1020 1080 Equitum
1038 1043 1133 1079 fulget
1151 1043 1356 1079 longissimus
1371 1043 1455 1077 ordo,

639 1091 860 1129 Nobiliumque
876 1101 986 1129 greges
1001 1092 1064 1125 alii,
1082 1092 1217 1120 donante
1235 1092 1355 1125 Iacobo,

639 1141 698 1178 Qui
716 1141 776 1168 iam
790 1141 913 1169 divitias
930 1141 1051 1177 amplas
1067 1141 1235 1178 titulosque
1252 1141 1378 1169 decoros

640 1190 756 1224 Sortiti,
774 1199 876 1225 regem
894 1191 1075 1226 largumque
1092 1191 1269 1226 bonumque
1287 1190 1462 1226 loquuntur.

638 1239 685 1267 An
703 1240 814 1268 studiis
830 1241 945 1268 nostris
957 1240 1084 1269 tacitum
1101 1246 1193 1276 atque
1210 1239 1344 1276 ignobile
1361 1248 1484 1274 nomen,

639 1290 729 1326 Quod
747 1299 795 1318 rex
811 1295 1001 1325 contemnat,
1019 1290 1066 1318 cui
1083 1290 1198 1318 multos
1216 1288 1366 1326 praeferat
1387 1288 1467 1323 aula,

641 1338 680 1365 1⁴21
697 1338 776 1366 docti
794 1339 958 1373 ignorent?
1006 1339 1065 1367 Sed
1082 1348 1131 1367 me
1150 1338 1273 1367 Lutetia
1289 1337 1378 1366 claris

639 1386 843 1422 Annumerat,
861 1397 929 1416 mea
949 1387 1104 1416 Palladiae
1121 1393 1193 1416 sunt
1210 1393 1283 1416 nota
1299 1386 1455 1415 ‘l'holosae

641 1436 787 1471 Nomina,
806 1446 854 1465 me
870 1437 967 1465 vitreo
983 1447 1061 1473 quae
1078 1437 1155 1466 lucet
1173 1436 1257 1465 fonte
1275 1437 1455 1465 Nemausus

641 1485 804 1520 Observat,
822 1485 905 1514 libris
923 1485 1090 1514 Germania
1107 1491 1135 1514 et
1153 1490 1280 1522 utraque
1304 1484 1389 1513 novit

643 1534 805 1571 Hesperia,
822 1535 1011 1563 orchestram
1029 1534 1133 1571 quatio
1151 1544 1203 1563 seu
1221 1539 1356 1571 syrmate
1373 1534 1476 1569 longo,

643 1582 714 1612 Sive
732 1583 803 1611 stilo
820 1584 912 1612 heroo
928 1584 1051 1612 chartas
1065 1583 1191 1620 implere
1207 1593 1346 1620 capaces,

643 1633 703 1660 Seu
721 1641 850 1661 numero
867 1632 996 1661 traxisse
1013 1633 1085 1661 libet
1101 1632 1239 1668 graviore
1257 1641 1389 1667 severos,

644 1681 761 1717 Pagina
777 1682 913 1710 censoris
930 1691 982 1710 seu
1001 1687 1106 1718 poscat
1123 1682 1260 1710 adultera
1277 1681 1406 1717 virgam.

643 1730 730 1768 Quae
747 1731 826 1759 male
843 1731 1001 1767 pugnabat
1018 1731 1132 1765 blattis,
1152 1731 1294 1759 Romana
1311 1734 1451 1758 vetustas

645 1779 775 1808 Reddita
792 1779 944 1816 splendori
963 1779 1061 1816 prisco
1078 1789 1126 1808 me
1143 1779 1263 1808 vindice
1279 1779 1400 1815 gaudet.

645 1829 863 1863 Claudianum,
881 1828 1057 1863 Aelianum,
1075 1828 1217 1865 famaque
1234 1828 1352 1857 minore
1369 1828 1536 1864 Corippum

643 1877 703 1915 Qui
721 1878 810 1913 leget,
827 1883 975 1913 agnoscet
992 1878 1128 1913 genium.
1174 1878 1243 1912 Sed,
1261 1877 1394 1905 maxime
1411 1877 1562 1914 princeps,

644 1926 726 1954 Num
744 1936 873 1954 censura
889 1932 941 1954 tua
957 1926 1056 1955 haec?
1103 1927 1205 1955 Nemo
1221 1932 1249 1954 te
1266 1925 1386 1954 doctius
1403 1925 1462 1954 ista

645 1975 815 2012 scripserit,
833 1976 968 2004 historici
986 1976 1081 2004 nostri
1098 1982 1129 2004 tu
1146 1985 1259 2004 nomen
1277 1976 1398 2004 habeto.

646 2025 730 2061 Ergo
745 2025 816 2062 quid
833 2025 943 2054 avertit
959 2034 1080 2059 sensus,
1098 2025 1167 2061 quis
1185 2024 1289 2052 nubila
1306 2024 1401 2053 menti

647 2074 751 2102 Induit
767 2079 795 2102 et
812 2075 970 2110 desperata
988 2074 1119 2109 caligine
1135 2074 1232 2102 solem

646 2123 871 2157 Obduxit,cu1n
890 2132 1043 2160 sperarem
1061 2122 1262 2156 faustissima,
1280 2122 1368 2157 nigro

645 2172 781 2200 Turbine
795 2173 985 2201 convolvens
1001 2181 1062 2200 non
1080 2173 1158 2200 laeta
1175 2170 1273 2200 fronte
1289 2171 1465 2200 Tonantem
1481 2170 1491 2199 ?
