1903 2724
68 1369 101 1389 10

580 216 725 240 1<0151121<T
753 216 897 240 nowxv.

632 295 846 325 Amunfffl.)

303 370 364 398 Cur
381 370 548 398 bombarda
566 369 667 398 minor
683 369 842 406 maiorque
858 370 994 398 tonitrua
1011 370 1131 398 bombis

341 418 563 447 Assimulant?
610 419 726 447 Famae
743 418 834 454 signa
851 417 950 447 futura
971 424 1096 448 canunt.

303 467 364 496 Cur
381 466 441 496 non
460 472 593 496 stemma
610 472 730 504 patrum
750 467 863 504 pictum
882 477 916 496 ac
934 467 1068 503 insignia
1083 468 1208 504 gentis?

343 516 443 545 Vivus
459 516 656 553 contempsit,
675 521 816 545 mortuus
837 517 887 545 illa
905 517 1016 553 magis.

305 565 327 599 I,
347 565 452 601 pictor,
471 566 572 602 potius
590 565 733 594 virtutem
752 565 856 602 pinge,
874 565 1029 602 fidemque

346 614 504 649 Divinam,
521 615 692 643 humanam
708 625 714 649 ;
736 614 837 643 clarus
854 619 983 651 utraque
1000 614 1065 644 suit.

304 664 410 692 Gratia
429 663 591 700 pingatum
616 663 701 700 pingi
721 673 775 692 nce
792 663 890 700 gloria
906 664 995 692 debet

343 714 412 751 Qua
430 712 548 747 fruitur,
567 712 641 749 fingi
659 722 715 742 nec
731 722 853 750 quoquc
867 718 971 742 mente
989 718 1099 750 potest.

602 841 835 873 Arlunfuu.)

304 916 385 954 Quid
404 915 503 953 primo
520 916 555 944 (le
572 921 600 944 tc
616 916 717 944 (licam
733 915 743 944 ?
789 915 871 954 Quid
887 915 1044 952 denique?
1092 916 1209 953 Magne

354 965 572 993 Forbesiorum
589 965 689 998 heros,
707 964 969 1001 Abredonumquc
987 970 1080 1001 pater.

303 1014 349 1044 Te
365 1015 464 1043 multo
481 1014 592 1043 melius
606 1020 657 1042 tua
675 1014 756 1043 dicta
772 1020 801 1042 et
818 1013 898 1043 facta
917 1015 1081 1051 loquentur
1095 1024 1100 1048 ;

347 1063 459 1100 Seripti
477 1074 493 1092 a
510 1068 539 1092 tc
557 1063 687 1092 referant
705 1063 818 1092 enthea
835 1063 915 1092 (licta
933 1063 1010 1093 libri.

306 1113 401 1142 Facta
420 1113 477 1141 Dei
494 1113 606 1141 <lomus
622 1117 651 1141 et
671 1112 766 1149 Regis
783 1113 925 1147 declaret,
943 1113 1074 1141 adaucta

346 1162 503 1199 Auspiciis
520 1162 612 1190 toties
629 1161 871 1198 muneribusque
888 1161 959 1191 tuis.

305 1212 413 1240 Cedite
431 1211 606 1246 Murthlaci,
624 1220 724 1246 genus
740 1210 802 1238 alta
819 1210 857 1238 ab
873 1210 1002 1247 origine,
1020 1215 1123 1248 patres
1138 1221 1143 1240 :

347 1261 454 1289 Cedite
471 1260 630 1296 Devanae,
649 1260 737 1288 turba
755 1263 871 1294 secuta,
890 1264 1010 1296 patres:

305 1309 397 1338 Vivat
414 1309 574 1343 Patricius,
592 1309 743 1336 maiorum
761 1308 854 1344 alpha
871 1312 964 1344 atque
981 1308 1135 1338 minorum
1150 1319 1154 1337 :

350 1359 375 1386 E
392 1358 492 1387 cinere
508 1363 676 1394 exsurgant
694 1357 766 1392 lilia,
782 1356 894 1392 caltha,
913 1367 1010 1387 rosae.

296 1408 398 1446 Quam
416 1407 487 1436 felix
504 1407 582 1435 istos
598 1406 718 1435 cineres
734 1415 813 1443 quae
829 1405 967 1435 continet
984 1409 1078 1436 urna!

349 1457 389 1485 Et
407 1456 539 1485 nimium
557 1455 629 1484 felix
645 1455 695 1492 qui
714 1455 790 1492 tegit
806 1464 879 1484 ossa
897 1455 995 1492 lapis!

633 1571 858 1603 Ammo-(IV.)

308 1647 458 1677 Scribitur
474 1656 491 1675 a
508 1645 615 1674 multis
632 1646 715 1675 lesso
731 1650 815 1675 arcto
832 1650 975 1682 arctaque
992 1655 1108 1684 papyro

355 1697 441 1725 Mors
460 1694 590 1729 Patrici3
615 1704 766 1732 magnum
784 1695 847 1723 vita
863 1695 1010 1724 volumen
1027 1695 1093 1724 erit.

309 1746 401 1775 Hane
417 1745 487 1782 quis
503 1744 614 1773 scribet
629 1744 640 1772 ?
688 1744 766 1772 Eam
784 1749 890 1773 metuo
913 1753 951 1773 ne
968 1745 1084 1773 deterat
1100 1745 1184 1779 alter,

350 1795 382 1824 Si
400 1794 477 1823 nolit
493 1799 586 1822 natus
603 1793 733 1823 scribere
749 1799 839 1831 gesta
856 1794 960 1831 patris.

308 1844 462 1874 Conscius
477 1843 526 1872 hic
543 1853 674 1878 morum,
692 1842 762 1872 fidei
777 1843 897 1880 zelique
914 1843 1043 1880 paterni,

349 1892 502 1922 Conscius
518 1892 568 1920 hic
584 1892 666 1929 iugis
683 1897 774 1921 nocte
789 1892 898 1929 dieque
914 1892 1021 1929 precis.

308 1943 334 1972 O
352 1947 487 1979 quantus
504 1941 529 1969 si
547 1951 630 1970 nunc
646 1951 836 1978 superesses,
853 1942 941 1970 docte
960 1941 1060 1976 Boea,

350 1991 432 2020 Vitis
448 1996 477 2020 et
494 1990 656 2019 Chronicis
673 2000 756 2019 nunc
772 1990 848 2020 foret
865 1990 915 2020 ille
931 1990 1011 2018 tuis!

839 2048 948 2077 Posuit
967 2048 1119 2076 Robertus
1137 2047 1308 2076 Dounaeus

919 2106 1186 2135 Bibliothecarius.
