1883 2730
421 206 483 244 382

418 400 475 427 ²70

417 884 473 911 280

415 1385 472 1411 290

416 1629 470 1658 295

416 1874 474 1901 300

417 2118 472 2146 305

820 209 915 234 MUSA
940 208 1076 232 LATINA
1102 207 1383 232 ABERDONENSIS.

662 291 745 330 Quin
762 290 829 328 ipsa
845 290 956 319 invitat
973 289 1048 319 caeli
1066 289 1270 326 indulgentia,
1287 288 1386 317 amice

661 340 842 376 Cunctaque
859 339 1038 376 conspirant
1055 339 1220 372 elementa,
1238 337 1417 374 tepentibus
1433 335 1516 364 auris

661 389 783 417 Laxant
798 398 873 417 arva
889 388 986 423 sinus,
1003 393 1096 424 atque
1112 387 1216 416 omnis
1232 386 1345 423 ubique
1361 386 1475 415 resedit

660 438 780 472 Flatus‚
798 443 830 466 ut
846 437 1007 475 aequoreis
1024 437 1142 474 placide
1159 446 1190 465 se
1207 441 1392 472 attemperet
1410 436 1512 465 undis.

699 487 780 516 Tum
798 487 972 515 natalitiam
989 486 1084 515 veluti
1102 486 1126 514 si
1143 486 1224 514 laeta
1241 490 1392 514 novarent

661 537 739 565 Fata
755 537 810 565 tibi
827 537 926 565 lucem
945 535 1036 574 (livor
1051 534 1208 572 depaverit
1225 534 1300 562 atris

661 587 701 615 Se
717 586 786 615 licet
803 586 833 614 in
850 585 1010 622 tenebris),
1027 590 1110 614 totas
1126 584 1253 613 delubra
1271 593 1323 620 per
1339 583 1429 612 urbes

660 635 826 665 Laetitiam
843 635 1035 672 plaususque
1049 639 1171 671 patrum
1189 633 1356 670 populique
1373 633 1528 662 secundos

659 685 746 713 More
763 694 844 713 novo
861 684 1067 721 ingeminant,
1085 683 1157 712 dum
1176 682 1277 710 sidera
1294 691 1369 710 voce
1387 682 1546 710 lacessunt

658 735 737 763 Cum
754 734 869 762 teneris
886 733 983 770 pueri,
1000 737 1185 769 matresque,
1204 741 1361 768 nurusque
1378 731 1500 768 puellis.

662 783 807 811 Edocturi
825 782 903 811 inter
919 791 1048 810 mensas
1064 781 1196 817 vestigia
1211 781 1370 818 quondam

657 833 744 870 Quae
761 837 813 860 tua
830 841 947 868 quasve
965 831 1077 867 ingens
1093 831 1186 858 urbes
1203 830 1381 866 impleveris
1397 830 1523 866 hospes.

698 881 780 920 Quin
797 881 873 910 adeo
890 880 995 909 tenuis
1012 880 1036 908 si
1054 880 1212 917 quondam
1230 889 1298 907 rura
1316 878 1469 907 Molorchi

658 931 796 965 Alcidae,
814 939 930 966 magno
947 929 1093 966 quamvis
1111 929 1195 958 Iovis
1212 929 1413 961 incremento,

659 980 754 1016 Sique
771 979 828 1016 ipsi
847 979 986 1016 placuere
1004 978 1069 1007 Iovi
1086 983 1139 1006 tua
1155 983 1235 1006 tecta
1253 977 1430 1011 Philemon,

659 1028 762 1057 Scotia
779 1038 883 1056 nonne
900 1028 952 1056 tibi
971 1028 1089 1064 placeat
1106 1032 1168 1061 tua,
1186 1027 1322 1055 maxime
1337 1035 1459 1063 regum,

659 1077 757 1106 Dives
772 1078 856 1113 agris
871 1078 1044 1114 opibusque
1062 1082 1182 1113 potens,
1198 1085 1276 1113 quas
1292 1075 1387 1112 exigit
1404 1084 1481 1103 usus

657 1127 747 1155 Vitae
763 1127 856 1155 etiam
875 1126 1030 1154 illustris?
1057 1126 1162 1162 Magis
1177 1131 1226 1154 ast
1242 1125 1391 1162 opulenta
1408 1133 1540 1161 superne

657 1176 745 1214 Quae
762 1176 816 1204 tibi
833 1185 982 1204 concessa
998 1180 1045 1204 est
1062 1175 1134 1204 vita.
1178 1174 1226 1203 Tu
1244 1174 1342 1211 gloria
1358 1178 1473 1209 nostra,

658 1224 704 1253 'l'u
722 1234 828 1261 gazae,
845 1230 1048 1261 nostrumque
1066 1230 1119 1252 tuo
1136 1223 1256 1259 fulgore
1271 1232 1402 1252 coronas

659 1274 835 1310 Fulgorem,
853 1274 1022 1310 laudesque
1038 1274 1150 1310 quibus
1168 1273 1323 1302 Mavortia
1340 1272 1476 1309 gaudent

660 1324 787 1353 Pectora
804 1329 836 1352 ut
853 1323 1016 1360 indigenis.
1065 1323 1147 1351 Nam
1165 1332 1224 1352 nos
1239 1328 1269 1352 et
1286 1327 1392 1350 nostra
1408 1326 1453 1350 tot
1471 1321 1522 1349 illa

657 1373 786 1410 Oppida,
805 1373 944 1401 munitae
961 1373 1043 1401 haud
1060 1377 1167 1407 turres,
1185 1372 1267 1400 haud
1284 1372 1378 1400 ardua
1394 1371 1524 1407 cingunt

659 1422 794 1455 Moenia,
812 1423 864 1451 sed
881 1423 1005 1450 dextrae
1023 1422 1206 1458 Spartanae,
1224 1421 1348 1449 vincula
1365 1419 1453 1448 foede

659 1471 765 1510 (Teste
780 1471 828 1500 vel
846 1471 984 1509 invidia),
1003 1480 1162 1507 nunquam
1181 1470 1304 1499 servilia
1321 1479 1441 1506 passae.

657 1521 761 1559 Quid?
787 1521 857 1549 victi
875 1531 913 1549 an
932 1520 1012 1549 vinci
1029 1525 1154 1557 potuere
1169 1519 1179 1547 ?
1210 1529 1249 1547 an
1267 1520 1372 1548 cedere
1388 1518 1469 1556 pulsi

660 1571 845 1606 Scotigenae
860 1569 870 1598 ?
895 1579 1025 1606 quorum
1043 1569 1124 1598 vires
1140 1574 1232 1606 atque
1249 1568 1365 1606 inclyta
1381 1572 1470 1605 gesta

657 1619 832 1656 Aggeribus
848 1618 1002 1655 fossisque
1019 1618 1086 1655 ipsa
1103 1623 1150 1646 est
1166 1618 1306 1646 cohibere
1322 1622 1428 1646 coacta

659 1668 758 1696 Roma
775 1677 810 1696 ea
826 1677 904 1704 quae
924 1667 1046 1695 Parthis
1063 1666 1166 1695 iniecit
1183 1665 1290 1694 fraena
1307 1665 1458 1702 superbis,

661 1717 771 1746 Libera
787 1717 864 1745 colla
882 1717 955 1753 iugo
971 1716 1025 1744 tibi
1044 1716 1087 1744 sic
1103 1717 1156 1744 dat
1173 1715 1296 1744 subdita
1314 1714 1388 1751 regi,

660 1766 701 1795 Ut
718 1775 806 1794 rosea
822 1775 875 1794 seu
893 1765 959 1794 luce
975 1765 1040 1793 (lies
1057 1770 1222 1802 retegatur,
1239 1764 1345 1800 opacis

659 1815 718 1844 Seu
736 1814 870 1843 tenebris
886 1814 1015 1842 nitidam
1033 1823 1092 1842 nox
1109 1815 1208 1842 lucem
1227 1812 1390 1842 involverit
1407 1818 1483 1846 atra,

660 1863 734 1892 Istis
751 1863 836 1891 nulla
851 1863 962 1891 domus
979 1871 1040 1891 non
1057 1862 1211 1898 compleat
1228 1862 1352 1890 aethera
1368 1861 1469 1889 votis:

701 1912 749 1940 En
767 1922 834 1946 nos,
853 1912 983 1940 Summe
1003 1910 1126 1945 Parem,
1143 1911 1286 1947 vitaeque
1303 1910 1449 1946 necisque
1466 1912 1605 1946 potestas

658 1962 758 2000 Quem
777 1970 872 1997 penes
888 1965 935 1989 est
952 1969 1059 1994 unum,
1077 1960 1203 1988 meritas
1219 1959 1273 1988 tibi
1291 1958 1443 1987 solvimus
1459 1957 1511 1985 uni

660 2011 719 2039 Ore
736 2010 903 2046 animoque
920 2018 981 2037 uno
997 2014 1118 2045 grates;
1143 2008 1224 2045 quod
1241 2007 1395 2036 vescimur
1411 2016 1484 2035 aura

659 2059 766 2092 Vitali,
783 2059 863 2095 quod
879 2058 980 2086 amica
995 2057 1072 2094 tegit
1088 2057 1253 2086 concordia
1269 2057 1380 2094 pennis

661 2108 747 2136 Ilaec
764 2107 863 2136 niveis
879 2113 931 2135 tua
948 2116 1052 2143 regna,
1071 2107 1174 2143 procul
1191 2105 1384 2134 discordibus
1401 2105 1504 2140 armis,

661 2158 748 2195 Quod
767 2157 815 2193 pia
833 2156 944 2185 sacrati
963 2156 1121 2192 sequimur
1137 2154 1322 2192 compendia
1339 2154 1431 2188 verbi,
