1903 2724
613 199 760 223 TIIOMAS
787 199 879 224 Rieu).
1366 202 1381 232 3
1388 201 1404 224 2
1411 201 1427 232 3

64 291 102 318 90
308 281 563 318 Immensumque
579 281 695 310 ambire
712 281 812 310 solum
827 281 838 309 ?
885 281 975 310 Nova
992 286 1073 310 tecta
1089 281 1252 318 gigantum

307 331 388 359 Orbe
405 330 465 359 alio
482 335 608 367 seposta
625 330 734 367 sequi?
783 331 843 359 Seu
861 336 974 359 torreat
991 336 1095 359 aestas

310 379 480 415 Agricolas,
499 389 551 408 seu
570 384 717 416 perpetua
734 379 805 408 nive
823 379 925 408 littora
942 384 1062 415 canent,

310 429 360 456 Nil
380 428 578 457 intentatum.
626 428 770 457 Plebeius
787 428 892 457 navita
911 429 1029 457 Cauros

309 477 407 513 Ridet,
425 483 455 506 et
474 477 636 506 Herculeis
653 477 703 505 ubi
720 477 814 506 Titan
832 476 934 506 fessus
952 477 981 505 in
1000 477 1091 506 undis

63 536 98 564 95
306 526 414 555 Mersit
430 536 527 563 equos
542 536 611 554 curn
630 526 703 560 luce,
721 526 790 554 citis
808 526 883 555 freta
899 535 1017 555 currere
1034 527 1110 555 velis

308 574 411 603 Tanta
430 575 614 611 Megalanes
629 575 750 612 coepit;
773 584 834 612 quo
851 585 912 603 non
930 575 1019 603 datur
1036 576 1124 610 ultra,

308 623 396 652 Finis
412 629 476 652 erat
493 624 690 661 mundusque
707 623 775 653 viae
792 633 938 653 mensura
957 630 1108 661 peractus.

306 672 353 701 Sit
370 673 436 702 sine
454 673 518 702 sole
535 673 612 707 (lies,
629 678 658 702 et
676 682 735 701 nox
753 673 868 708 illunis,
886 679 915 702 et
932 679 1016 702 astra

308 721 402 750 Nulla
420 722 498 759 polo,
519 722 623 759 pinnis
640 722 818 751 rorantibus
834 728 963 751 assonet
980 723 1104 757 Auster,

67 780 120 798 100
305 770 463 807 Vastaque
481 770 634 807 utrimque
652 770 761 799 fremat
777 770 905 808 Tethys,
923 771 964 799 nil
982 771 1107 800 territus
1124 771 1230 799 alnum

305 817 426 855 Tiphys
444 819 516 855 agit,
534 820 649 848 obeunt
667 819 765 848 securi
784 819 891 848 munia
908 825 1030 855 nautae,

312 868 412 897 Docta
428 868 502 897 ratis
518 869 677 897 contendit
694 869 751 898 iter
767 879 828 905 quo
845 869 943 906 prima
961 869 1106 898 iubebant

310 917 458 952 Consilia,
476 923 583 954 optato
600 919 769 946 succedens
787 918 900 955 impete
917 923 1015 955 portu.

309 967 380 995 Non
398 967 450 994 illa
466 972 519 995 aut
536 967 660 996 Austris
676 972 728 996 aut
745 968 831 996 caelo
849 967 906 995 fisa
923 977 1042 1003 sereno,

68 1025 120 1054 105
306 1016 363 1045 Sed
380 1025 517 1052 gemma,
535 1025 630 1053 quain
648 1016 747 1053 prima
764 1017 880 1045 dabant
898 1017 1078 1053 Magnetica
1094 1027 1171 1052 rura,

308 1065 480 1094 Inconniva
497 1065 561 1094 acie
578 1071 697 1103 septem
715 1072 876 1103 spectante
894 1066 1036 1096 Triones.

309 1114 380 1144 Una
396 1115 488 1143 dabat
505 1115 640 1152 reliquas
658 1115 733 1143 caeli
752 1121 925 1144 monstrata
943 1116 1115 1152 plagarum,

308 1163 343 1191 In
361 1168 526 1200 partesque
543 1173 618 1192 suas
635 1169 739 1192 sectus
757 1165 884 1201 parebat
901 1164 1030 1193 horizon

307 1213 422 1250 Pyxide
439 1213 468 1240 in
485 1214 617 1249 exigua:
644 1222 698 1241 nec
716 1218 828 1241 nautas
847 1212 974 1241 flamina
990 1212 1105 1248 sallent,

64 1271 119 1292 110
303 1261 386 1300 Quin
405 1262 561 1298 proprium
578 1263 700 1290 cunctis
716 1263 831 1290 tribuat
848 1272 904 1290 sua
921 1262 1001 1291 linea
1019 1272 1144 1298 nomen,

303 1312 391 1349 Quae
407 1320 468 1339 non
488 1311 640 1340 Romuleo
657 1317 714 1345 est,
733 1321 794 1339 non
812 1321 863 1340 ore
879 1311 984 1340 efferre
1002 1311 1146 1348 Pelasgo,

302 1359 460 1398 Queisque
477 1359 551 1388 ratis
568 1359 662 1388 fertur
677 1365 788 1388 ventos
805 1370 840 1388 ea
857 1360 973 1388 nesciet
990 1366 1088 1389 aetas.

306 1409 389 1446 Ergo
405 1409 520 1437 oblitus
538 1409 593 1436 iter
611 1409 777 1437 Palinurus
795 1409 824 1437 in
841 1418 973 1446 aequore
989 1414 1080 1438 vasto

303 1458 417 1486 Omnia
434 1458 563 1486 debebat
580 1457 653 1486 fatis
670 1463 699 1486 et
715 1467 810 1486 curva
827 1458 949 1495 legebat

64 1517 116 1546 115
305 1507 433 1542 Littera,
451 1506 632 1544 navifragae
648 1507 750 1536 vicina
767 1507 878 1536 salutis
894 1508 993 1544 asyla,

304 1558 391 1595 Quae
408 1557 505 1584 nostri
523 1562 555 1585 ut
572 1557 719 1593 scopulos
735 1562 765 1585 et
782 1557 880 1593 prima
898 1557 1033 1594 pericula
1051 1557 1162 1591 vitant,

302 1605 384 1634 Tum
402 1610 467 1634 tum
485 1605 583 1634 securi
601 1606 743 1634 tellurem
761 1611 876 1642 pontus
893 1611 922 1634 et
939 1606 1046 1635 aether

304 1655 408 1693 Quum
427 1654 531 1691 procul
548 1654 692 1688 occuluit,
709 1660 775 1683 cete
792 1660 821 1683 et
839 1654 981 1683 solennia
997 1655 1114 1690 ludunt,

303 1703 487 1740 squamiger
503 1708 532 1731 et
549 1703 683 1731 madidis
699 1703 832 1732 classem
850 1703 1052 1732 circumvolat
1069 1704 1138 1732 alis.

126 1782 162 1799 10.
182 1775 237 1798 The
255 1781 335 1805 goose
349 1744 418 1805 quill,
432 1774 493 1796 with
511 1773 641 1797 reference
659 1779 685 1798 to
703 1774 746 1797 the
765 1781 842 1805 geese
855 1774 942 1798 whose
960 1774 1078 1805 cackling
1091 1774 1167 1798 saved
1187 1774 1230 1798 the
1251 1775 1352 1806 Capitol
1366 1775 1429 1798 from

58 1817 102 1840 the
115 1816 196 1840 Gauls
210 1816 291 1847 (Virg.
306 1816 369 1838 Aen.
383 1815 434 1838 viii.
448 1815 516 1845 655).

124 1865 162 1887 13.
182 1857 334 1880 Parchment
346 1855 471 1879 invented
484 1862 510 1879 at
525 1857 673 1887 Pergamus,
690 1864 717 1880 or
733 1857 867 1887 Pergama,
881 1857 914 1887 by
928 1857 1020 1880 Crates
1034 1857 1063 1880 os
1075 1857 1179 1882 Mallus.

123 1905 161 1928 25.
183 1897 352 1925 Modestinus,
367 1902 440 1928 great
450 1897 536 1928 jurist,
551 1897 621 1928 pupil
634 1898 662 1922 of
674 1897 892 1929 Ulpian,floruit,
905 1905 957 1921 Α.ο.
971 1905 1071 1927 224·‡4-

124 1948 162 1971 ²7·
183 1940 274 1970 Rough
286 1939 364 1967 eloth,
377 1938 573 1963 manufactured
585 1939 618 1969 by
628 1939 670 1962 the
684 1939 792 1963 Cadurci
806 1940 831 1962 in
846 1939 932 1962 Gallia
948 1938 1291 1970 Narbonnensis(Jnvenal,
1306 1939 1347 1962 vii.
1362 1939 1428 1970 221).

123 1988 162 2011 34.
182 1981 285 2007 Caesar,
298 1979 431 2011 defeating
446 1981 560 2011 Pompey
573 1985 599 2004 at
614 1981 756 2009 Pharsalia,
771 1988 820 2004 ac.
835 1981 874 2010 48.

123 2028 162 2052 35.
180 2021 323 2045 Alexander
336 2021 380 2045 the
393 2022 481 2049 Great,
494 2022 619 2052 claiming
632 2026 659 2045 to
671 2022 701 2045 be
715 2029 762 2046 son
775 2023 804 2046 of
818 2022 918 2053 Jupiter
937 2022 1058 2045 Ammon.
1095 2021 1142 2044 For
1162 2022 1280 2049 moflves,
1295 2029 1338 2045 see
1352 2022 1429 2052 Bury,

60 2063 165 2094 History
178 2062 317 2094 osGrcece,
331 2070 354 2093 p.
369 2069 423 2092 773.
461 2063 581 2094 Maspero
594 2070 650 2086 sees
664 2063 689 2086 in
703 2063 747 2086 the
760 2063 835 2086 claim
849 2071 862 2086 a
878 2063 978 2094 regular
991 2062 1042 2086 and
1054 2063 1143 2085 formal
1157 2063 1329 2092 legitimation
1343 2068 1370 2086 to
1384 2063 1429 2086 the

59 2111 144 2127 crown
157 2104 186 2127 os
197 2104 291 2134 Egypt.

125 2146 163 2174 36.
185 2145 312 2171 Macetae,
329 2143 525 2168 Macedonians.
561 2144 634 2171 Ovid,
658 2145 721 2168 Met.
740 2145 780 2168 xii.
800 2145 856 2173 466,
875 2150 901 2168 to
920 2149 962 2175 get
981 2145 1026 2167 the
1043 2145 1116 2167 usual
1136 2144 1204 2167 word
1225 2144 1279 2167 into
1298 2151 1312 2166 a
1332 2144 1392 2169 line.
1408 2145 1429 2167 is

60 2185 168 2209 reduced
181 2190 207 2208 to
220 2194 234 2208 a
248 2185 394 2208 licente-⁸*
405 2185 454 2215 Qui
468 2185 557 2215 clipeo.
574 2186 708 2216 galeaque,
723 2185 931 2216 Macedoniaque
945 2186 1070 2208 sarissff'.
