1883 2730
434 502 485 530 ¹05

436 749 489 767 110

440 991 490 1019 115

442 1235 495 1252 120

444 1478 496 1505 ¹²5

446 1721 499 1748 130

448 1966 498 1993 135

819 216 915 240 MUSA
942 215 1080 239 LATINA
1104 212 1398 238 ABERDONENSIS.

674 296 815 324 Moribus
832 295 982 324 indomito
998 294 1156 332 pereuntia
1173 294 1295 322 saecula
1312 294 1394 326 luxu,

675 345 757 374 Hinc
773 344 945 381 caligantes
962 353 1073 373 sensus
1090 343 1264 379 mentisque
1280 348 1440 370 veternum

675 394 714 422 Et
731 393 880 422 libertatis
896 393 1038 430 quaesito
1055 393 1180 421 nomine
1196 397 1312 420 certum

676 442 825 476 Exitium,
843 447 986 479 serpente
1002 442 1094 476 malo,
1111 446 1266 470 crescente
1283 440 1380 474 ruina,

676 491 811 520 Indoluit
828 491 959 524 miseris,
977 491 1134 527 sacrisque
1150 490 1301 527 operarier
1318 488 1395 517 infit.

715 540 878 576 Primaque
895 549 966 568 cura
982 539 1038 568 fuit
1055 539 1149 568 divini
1167 540 1299 567 nectaris
1315 538 1428 566 haustu

675 588 850 617 Perfudisse
867 589 965 622 lares;
990 598 1061 617 mox
1079 587 1216 624 proxima
1233 587 1340 615 limina
1357 596 1460 615 sacrae

674 638 768 666 Aedis
785 638 986 666 inexhaustae
1003 642 1167 665 senserunt
1183 636 1313 664 fulmina
1331 636 1463 672 linguae.

678 687 720 716 Ac
738 687 831 716 veluti
849 687 968 715 occulto
986 696 1062 723 quae
1081 685 1154 714 fulvi
1173 695 1251 714 vena
1269 685 1384 713 metalli

675 736 782 764 Monte
799 736 882 770 latet,
900 735 946 764 vel
965 744 1042 772 quae
1060 734 1195 763 nescitur
1210 734 1315 762 clausa
1332 731 1485 769 profundo

675 785 808 814 Gemma
825 785 912 818 mari,
930 785 1032 812 nullos
1048 783 1210 812 bominum
1228 787 1396 820 poscuntur
1412 782 1441 810 in
1460 791 1546 815 usus,

678 834 774 862 Eruta
791 833 919 862 diversis
936 833 1045 861 ludunt
1061 832 1248 868 capiuntque
1266 831 1392 868 figuris3

675 882 761 910 Talis
777 887 851 915 erat,
869 882 1006 910 nondum
1023 882 1104 910 curis
1121 881 1281 909 immissus
1298 880 1422 917 apertis,

678 931 802 959 Divitiis
818 931 949 967 opulens
966 930 1067 959 tacitis
1084 935 1224 966 tectoque
1242 930 1376 959 metallo.

679 980 813 1016 Agnitus
829 985 984 1008 extractus
1001 979 1126 1016 placuit,
1145 979 1328 1015 penitusque
1345 978 1507 1014 probatum

678 1027 873 1056 Ambitiosus
890 1029 990 1056 honos
1006 1029 1091 1056 nulla
1106 1028 1275 1056 ambitione
1293 1027 1406 1064 petitus

680 1077 896 1113 Consequitur,
914 1086 999 1105 sacer
1014 1077 1088 1105 ordo
1104 1077 1213 1114 premit
1230 1077 1364 1113 celsique
1381 1075 1490 1113 fatigat

680 1125 802 1161 Imperii
820 1125 961 1154 diadema
978 1131 1106 1159 tenens;
1134 1126 1313 1154 communia
1330 1131 1402 1154 vota

679 1175 818 1202 Contulit
835 1175 916 1203 haud
934 1175 1061 1203 tacitum
1080 1175 1161 1203 iusta
1177 1176 1214 1203 ad
1233 1174 1379 1210 suffragia
1396 1174 1518 1210 vulgus.

684 1222 784 1250 Insula
801 1233 887 1251 sacra
905 1224 1001 1252 sacris
1019 1224 1164 1252 manibus
1180 1224 1291 1252 collata
1308 1223 1448 1252 decoram

679 1271 832 1300 Canitiem
850 1273 940 1301 velat.
991 1273 1049 1301 Sed
1067 1282 1128 1301 non
1146 1272 1194 1301 hic
1211 1272 1300 1300 limes
1316 1273 1467 1300 honorum

680 1321 828 1349 Constitit
844 1333 849 1357 3
873 1321 921 1350 ille
938 1327 1018 1350 artes
1035 1327 1127 1358 atque
1144 1321 1226 1349 haud
1243 1321 1410 1357 vulgariter
1425 1326 1507 1349 artes

683 1370 819 1398 Edoctus
837 1371 987 1407 princeps,
1005 1371 1116 1407 quibus
1132 1376 1178 1399 est
1195 1370 1367 1406 respublica
1384 1378 1504 1405 sospes,

682 1419 806 1447 Addidit
823 1419 947 1454 augusti
967 1419 1090 1455 fastigia
1106 1420 1187 1448 celsa
1205 1423 1342 1447 senatus.

684 1468 851 1496 Arbitrium
869 1468 967 1504 patuit
985 1477 1095 1501 rerum,
1113 1467 1323 1504 penetralibus
1338 1466 1411 1494 altis

682 1517 784 1550 Curia,
803 1517 999 1553 suscepitque
1017 1517 1146 1551 lubens;
1168 1525 1340 1552 arcanaque
1358 1515 1442 1551 regni

683 1565 760 1593 Cum
780 1565 916 1602 patribus
932 1575 1060 1594 consors
1077 1565 1273 1594 consortibus
1290 1565 1383 1592 ardua
1401 1569 1519 1592 tractat.

726 1613 797 1642 Non
814 1619 918 1642 tamen
936 1614 1094 1649 ingenium
1113 1615 1212 1651 (tanta
1228 1619 1274 1642 est
1291 1613 1479 1649 constantia)
1496 1612 1575 1641 cedit

685 1662 834 1690 Dulcibus
851 1663 1009 1697 illecebris,
1027 1668 1078 1691 aut
1097 1663 1228 1700 pondere
1244 1663 1324 1690 victa
1342 1662 1460 1690 laborat

685 1711 781 1747 Ignea
793 1711 840 1739 vis
856 1711 962 1745 animi,
979 1712 1060 1740 curis
1077 1711 1269 1747 gravioribus
1285 1711 1391 1747 impar.

687 1761 726 1788 Et
743 1770 919 1797 quanquam
939 1761 1069 1789 illicibus
1085 1766 1214 1789 certaret
1230 1760 1312 1788 curia
1330 1758 1421 1787 fallax

686 1809 851 1846 Obsequiis
867 1815 985 1838 tentare
1002 1810 1123 1845 gradus,
1143 1819 1204 1837 non
1222 1808 1323 1846 fulgor
1339 1809 1492 1836 honorum

686 1858 814 1886 Emollit
832 1858 962 1894 rigidum
979 1864 1008 1887 et
1025 1868 1086 1886 non
1103 1857 1255 1887 exorabile
1271 1863 1378 1894 pectus

688 1907 774 1935 Illius
791 1906 919 1935 infixum
936 1907 1027 1936 cordi.
1073 1907 1176 1935 Placet
1192 1916 1252 1935 una
1269 1906 1422 1942 voluptas,

687 1955 840 1984 Excubias
855 1956 971 1992 agitare
988 1956 1083 1991 gregi,
1101 1955 1263 1991 vigilantia
1279 1964 1400 1991 semper

690 2004 833 2038 Lumina,
849 2005 994 2033 custodes
1010 2004 1116 2032 oculos
1133 2004 1328 2040 praetendere
1342 2012 1348 2031 t
1378 2002 1497 2039 siquem

690 2053 808 2081 Devius
823 2062 904 2081 error
919 2058 1002 2088 agat,
1020 2054 1161 2081 reducem
1179 2061 1249 2080 mox
1266 2052 1391 2080 sistere:
1418 2051 1442 2078 si
1460 2051 1532 2087 quid

690 2102 870 2138 Collapsum
887 2101 1021 2130 offendat
1039 2111 1108 2129 mox
1126 2102 1307 2133 instaurare,
1326 2100 1419 2128 labori

692 2151 817 2180 Parcere
835 2150 973 2186 difficilis,
991 2156 1149 2188 pastorum
1169 2150 1276 2178 munia
1293 2149 1362 2178 recti
