1883 2730
433 201 496 236 328
850 207 944 232 MUSA
971 208 1107 231 LATINA
1134 208 1410 232 ABERDONENSIS.

444 299 480 317 20
684 289 803 326 ποιμένα
817 290 865 318 τοῦ
879 291 958 324 λαοῦ,
977 294 1094 326 patrem
1112 289 1289 326 patriaeque
1306 291 1437 324 necavit,

686 337 805 374 Impius
821 343 867 366 est
884 347 1080 375 nequamque
1098 339 1223 367 Nerone
1241 338 1395 367 Neronior
1412 339 1489 375 ipso.

685 384 737 414 Si¹
755 387 844 416 valde
861 396 989 423 pravum
1007 396 1068 415 non
1086 388 1269 415 obtruncare
1288 387 1453 416 Pal-entem

686 435 726 464 Et
744 435 864 464 Patriae
882 436 974 471 licuit,
992 436 1039 464 dic
1055 437 1106 472 qui
1123 441 1328 472 sanctumque
1346 436 1493 473 piumque

685 484 725 512 Et
742 493 864 513 summe
881 485 997 513 iustum
1015 485 1096 512 hunc
1111 484 1218 512 ausint
1234 485 1373 513 occidere
1390 494 1492 521 regem
1507 485 1517 513 ?

445 541 478 570 ²5
686 532 896 562 christiadum
914 538 1034 570 mystae
1051 542 1112 561 non
1130 533 1212 568 haec,
1231 533 1347 562 Iesuita
1364 533 1492 562 docebit.

685 580 784 617 Supra
795 586 805 600 ²
820 581 1031 610 Antichristus
1049 591 1135 618 reges
1151 591 1184 610 se
1200 588 1229 610 et
1247 582 1377 610 numina
1393 583 1483 611 tollit.

684 630 779 658 Atrox
791 635 801 649 ³
822 630 932 659 occidit
949 640 1061 667 regem,
1079 640 1129 659 rex
1145 631 1255 659 occidit
1272 631 1392 665 almus;

688 679 762 708 Inde
779 680 924 708 thronum
941 685 971 708 et
987 685 1116 708 cunctos
1133 680 1268 709 reditus⁴
1284 681 1422 717 possedit
1439 691 1560 717 avarus,

684 727 786 756 Trux⁵
802 729 871 757 vilis
888 730 1010 762 vermis,
1029 730 1283 765 CRoMWELmus,
1301 730 1377 758 alter
1394 730 1538 758 Ahabus:

443 787 480 815 30
686 778 756 806 Non
776 778 900 806 Baasha
916 783 969 806 aut
986 778 1083 806 Zimri
1101 779 1244 807 dominos
1261 788 1410 815 regesque
1427 788 1535 807 necare

684 827 844 856 Audentes
860 827 990 856 solidam
1010 836 1115 864 pacem
1133 832 1258 856 tenuere
1275 828 1414 863 maligni.

687 876 856 913 Postquam
871 882 1013 905 natorum
1031 882 1127 905 terrae
1144 885 1258 904 manus
1273 876 1369 913 impia
1384 886 1488 913 regem

686 926 819 954 Sustulit
835 925 982 954 eximium
1001 925 1136 958 Patrem,
1154 926 1322 954 subducere
1340 935 1407 954 sese

687 975 765 1003 Ecce
781 979 906 1002 coaetus
921 979 985 1002 erat
1005 974 1106 1002 Natus
1123 974 1348 1008 ter-maximus,
1365 974 1434 1003 inde

441 1034 477 1062 35
685 1024 837 1052 Exsilium
855 1022 948 1051 subiit
965 1032 1127 1059 regnorum
1147 1023 1293 1059 Proprius
1310 1022 1439 1058 Haeres,

685 1073 768 1100 Dum
785 1072 878 1101 Clarii
896 1072 996 1108 spatia
1013 1072 1072 1100 huc
1087 1071 1159 1100 clari
1177 1071 1318 1100 duodena
1335 1078 1491 1100 recurrunt

685 1122 807 1150 Annua.
852 1121 900 1149 De
917 1121 1013 1149 reditu
1031 1126 1134 1156 grates
1150 1121 1323 1158 persolvere
1340 1121 1420 1150 laeto

682 1172 747 1199 Stat
764 1169 886 1205 dignas,
904 1169 1008 1198 itidem
1026 1169 1092 1198 sine
1108 1170 1200 1198 caede
1215 1174 1245 1198 et
1262 1169 1415 1205 sanguine
1432 1179 1533 1206 regem

681 1219 772 1256 Quod
791 1218 946 1247 Dominus
964 1218 1084 1246 salvum
1103 1227 1276 1254 sanumque
1294 1218 1411 1246 reduxit
1427 1224 1583 1253 ovantem,

439 1280 476 1304 40
680 1267 781 1304 Atque
798 1268 840 1295 ita
856 1266 936 1304 quod
953 1267 1054 1295 clarus
1071 1267 1109 1295 sit
1127 1272 1196 1304 post
1213 1267 1287 1295 haec
1304 1267 1409 1295 nubila
1428 1267 1581 1297 Phoebus.

682 1317 773 1345 Arcta
791 1316 855 1344 suis
872 1315 982 1352 spatiis
998 1316 1160 1344 solvantur
1176 1316 1298 1351 gaudia,
1316 1316 1423 1344 metris

684 1367 766 1401 Lege
784 1366 894 1402 pedum
914 1365 1038 1398 strictis,
1056 1365 1121 1393 sola
1138 1365 1212 1393 haec
1228 1364 1331 1394 iuvere
1347 1365 1521 1394 Camenas:

683 1416 824 1455 (Loripes
840 1421 887 1444 est
903 1415 1018 1444 etenim
1036 1415 1140 1443 vincto
1156 1424 1299 1444 sermone
1315 1415 1436 1443 solutus

683 1464 821 1498 Tardior,
842 1464 980 1493 Heroum
998 1472 1053 1492 nec
1070 1464 1176 1492 laudes
1194 1473 1326 1500 pangere
1343 1463 1447 1500 natus)

503 1539 584 1561 [ιι-Ἠ.
607 1531 676 1557 Row,
689 1530 829 1557 doubtless,
843 1530 889 1553 has
903 1529 1024 1552 Aristotle
1039 1529 1155 1560 (Poetics,
1170 1529 1209 1559 ²»)
1229 1529 1253 1552 in
1273 1529 1338 1553 view
1356 1536 1389 1552 on
1408 1529 1451 1553 the
1472 1529 1558 1560 sitting
1569 1530 1688 1561 qualities
1706 1531 1735 1554 of
1750 1531 1793 1555 the

438 1575 466 1597 τὸ
480 1574 579 1603 ἡρωικὸν
591 1572 686 1603 μέτρον.

439 1639 474 1667 45
682 1629 794 1657 Iliacos
810 1628 889 1656 intra
905 1637 1010 1656 muros
1026 1628 1157 1656 laetatur
1172 1633 1201 1656 et
1217 1633 1312 1656 extra.

682 1678 812 1706 Carolus
828 1677 960 1706 eximius
977 1686 1035 1710 rex,
1055 1677 1179 1705 nomine
1196 1676 1282 1705 fortis
1298 1682 1328 1705 et
1344 1686 1419 1709 acer„

683 1727 728 1755 Re
745 1727 846 1760 simul,
862 1727 899 1754 ad
916 1735 985 1754 sese
1002 1726 1083 1754 iusto
1099 1725 1308 1754 moderamine
1325 1731 1477 1762 sceptrum

683 1775 793 1804 Multis
808 1775 1029 1803 transmissum
1048 1774 1170 1811 proavis
1187 1775 1363 1802 moderatur
1377 1774 1508 1804 avitum.

682 1825 894 1860 Aeternaeque
911 1824 981 1860 polo
996 1832 1071 1860 cape
1088 1823 1216 1859 pignora
1231 1828 1312 1851 certa
1329 1832 1474 1851 coronam

439 1885 476 1912 50
682 1874 782 1912 Quam
802 1873 855 1901 tibi
873 1878 950 1901 terra
966 1872 1068 1906 dedit;
1093 1871 1203 1908 triplici
1222 1872 1398 1900 diademate
1415 1877 1540 1909 tempus

681 1922 835 1958 Cingitur,
853 1926 882 1950 at
900 1930 1045 1957 superum
1062 1920 1182 1949 cunctis
1199 1921 1422 1956 praeponderat
1439 1930 1546 1954 unum,

680 1972 768 2010 Quod
785 1976 900 1999 certum
917 1976 948 1998 at
965 1979 1066 1998 serum
1084 1969 1164 1998 votis
1179 1969 1358 1998 ardentibus
1374 1979 1472 2006 usque

681 2021 749 2048 Nos
765 2025 817 2048 tua
834 2020 921 2048 turba
939 2019 996 2056 piis
1012 2023 1158 2055 optamus
1173 2017 1315 2047 cordibus
1330 2027 1450 2047 omneS.

595 2095 620 2119 ¹1
637 2095 699 2125 Rtg.
713 2095 761 2118 xvi.
777 2101 805 2125 7;
825 2102 839 2118 2
852 2095 914 2124 ch.
928 2094 958 2117 ix.
972 2100 1010 2124 31.
1048 2100 1058 2116 1
1074 2093 1135 2124 ch.
1149 2093 1231 2122 xvi.9,
1248 2100 1285 2117 10„
1302 2100 1336 2120 11¹
1354 2094 1390 2119 16.
1403 2097 1452 2116 etc.

593 2136 624 2159 ²2
639 2136 724 2160 Thess.
739 2136 763 2159 ii.
778 2145 800 2165 4.
965 2135 974 2149 ²
987 2142 996 2158 1
1011 2135 1074 2165 Reg.
1088 2135 1134 2158 xxi.
1152 2141 1187 2163 19.
1352 2133 1361 2147 ⁴
1371 2133 1436 2157 Ibid.

593 2177 695 2202 ‘'Oliver
710 2176 817 2201 Crowel.
855 2176 937 2207 Anagt
973 2175 994 2198 O
1008 2175 1057 2198 vile
1070 2175 1138 2199 cruel
1151 2174 1245 2198 worm!
1264 2173 1398 2202 Occidisti,
1413 2174 1480 2197 Dum
1494 2174 1639 2205 possedisti.
