1903 2724
80 625 114 643 10

78 869 110 898 Ι5

76 1117 112 1136 20

76 1363 110 1392 ²5

75 1609 113 1636 30

75 1855 110 1884 35

75 2100 114 2126 40

607 192 765 215 WILLIAM
792 192 817 215 M
823 192 941 215 ESTON.

324 272 416 301 Mens
432 283 512 310 vaga
527 282 597 301 cum
616 273 736 302 levibus
750 278 879 302 certaret
898 274 1000 301 ludere
1017 273 1134 308 formis,

361 322 501 359 Calliope
517 322 616 352 dulcis
632 322 772 352 constitit
788 328 861 351 ante
877 328 999 352 torum:

324 371 419 400 Laeta
436 372 627 401 verecundos
643 372 807 401 decorabat
824 372 923 407 gratia
940 372 1057 403 vultus,

362 420 477 448 Dextra
495 430 609 449 manus
624 421 773 455 calamos,
791 421 905 458 plectra
923 420 1050 448 sinistra
1067 419 1154 455 gerit.

322 469 359 498 Et
377 469 452 498 mihi
470 471 633 499 subridens
650 470 794 509 (formam
811 475 982 507 gestusque
1000 474 1152 498 venustos

361 519 496 547 Mirabar
512 520 637 556 tacitus)
655 520 730 548 talia
745 520 827 548 dicta
843 519 943 548 dedit:

320 567 483 602 Languida
500 577 553 596 cur
568 568 652 596 molli
669 573 851 605 torpescunt
867 568 1006 596 membra
1023 566 1157 604 sopore?

362 614 417 642 Eia
435 624 526 651 surge
543 625 625 652 puer,
642 615 781 644 carmina
797 616 883 644 nulla
899 615 1010 644 canis?

319 663 471 700 Grampia
487 674 565 701 gens
583 665 720 701 palmam
738 675 800 694 non
817 665 912 694 cessit
929 665 1053 693 vatibus
1070 664 1156 698 olim,

357 714 446 749 Quos
464 713 590 742 Latium
608 724 664 743 nec
679 724 758 751 quos
775 714 906 743 Graecia
922 715 1012 742 docta
1029 714 1100 742 tulit
1116 723 1121 747 ;

319 761 412 790 Nunc
427 771 486 799 ego
502 763 569 792 sola
585 773 691 801 vagor,
708 764 794 792 nullo
810 763 991 797 comitante,
1010 772 1133 791 sorores

360 811 497 848 Paupere
514 818 600 842 veste
618 813 729 847 iacent,
748 813 924 850 plectraque
941 817 1048 840 nostra
1066 811 1170 840 silent.

318 859 386 888 Hos
403 861 468 894 tibi,
485 871 554 890 care
571 871 655 899 puer,
673 863 812 891 calamos
828 862 913 895 dant,
930 861 1044 898 accipe,
1064 860 1187 895 Musae,

359 909 489 938 Munera
505 916 578 939 sunt
595 911 720 947 magnis
737 912 812 940 haec
829 911 906 940 bene
924 916 1011 945 grata
1029 909 1115 938 viris.

319 958 379 987 His
396 964 427 987 tu
446 968 691 989 DEVANI-CASTRI
710 961 873 998 praeconia
895 969 1026 997 pangas,

361 1007 420 1036 Hic
437 1013 522 1044 patet
539 1009 568 1037 in
586 1009 694 1038 laudes
711 1019 780 1038 area
798 1010 861 1038 lata
878 1014 958 1038 tuas⁴

318 1056 389 1084 Non
407 1057 479 1086 urbs
496 1057 548 1086 illa
565 1058 637 1094 situ,
654 1059 809 1093 domibus,
827 1058 1014 1095 templisque
1031 1057 1182 1094 superbis,

359 1106 451 1134 Nune
467 1106 509 1134 illi
527 1107 607 1136 cedit
623 1118 703 1145 quae
719 1113 812 1145 caput
829 1107 911 1136 orbis
927 1113 1000 1136 erat.

323 1154 355 1183 Si
372 1154 456 1184 cives
474 1162 606 1193 spectes,
623 1157 718 1185 nullis
735 1157 849 1194 pietate
867 1156 994 1185 secundi

360 1204 449 1239 Sunt,
467 1205 592 1240 animis,
610 1206 723 1243 geniis,
741 1206 881 1235 moribus
898 1205 1055 1241 ingenuis.

318 1253 416 1282 Ornat
433 1254 599 1284 consilium
617 1260 748 1284 cunctos
763 1260 866 1284 aetate
885 1255 981 1288 virili;

360 1303 416 1332 Vis
433 1303 573 1338 iuvenes,
592 1313 704 1341 pueros
721 1313 812 1333 mens
829 1304 970 1332 studiosa
988 1303 1069 1332 boni.

318 1352 402 1382 Urbs
418 1353 558 1389 antiqua,
576 1358 687 1390 potens
702 1353 813 1390 opibus
830 1359 989 1389 terraeque
1006 1352 1173 1389 marisque,

361 1401 400 1429 Et
416 1402 493 1430 coeli
511 1402 618 1439 liquidi
635 1412 764 1431 munera
782 1402 881 1430 multa
898 1401 1009 1431 ferens.

319 1450 403 1479 Dant
421 1450 505 1479 fluvii
523 1451 634 1489 pisces,
651 1451 798 1489 gravidas
814 1461 887 1488 ager
902 1451 1006 1479 almus
1022 1450 1135 1479 aristas

358 1499 398 1528 Et
415 1501 571 1529 scatebras
587 1500 690 1530 fontes
707 1501 781 1529 dant
799 1500 942 1529 salientis
958 1509 1066 1536 aquae.

318 1548 470 1586 Denique,
487 1550 632 1586 quicquid
649 1551 742 1578 habet
758 1549 876 1587 passim
895 1549 1048 1577 laudabile
1065 1548 1201 1577 mundus

358 1598 444 1627 Utile
460 1599 508 1627 vel
526 1598 608 1633 felix,
626 1600 698 1627 urbs
715 1599 800 1628 dabit
818 1599 871 1627 illa
888 1598 954 1627 tibi.

317 1647 448 1676 Munera
465 1647 490 1676 si
509 1647 622 1676 Bacchi
639 1648 742 1676 desint
757 1653 787 1676 et
804 1647 931 1685 pinguis
948 1647 1059 1681 olivae,

357 1697 412 1725 Vel
430 1697 586 1734 nymphae
603 1697 720 1726 nitidae
736 1706 815 1734 quae
831 1697 1025 1734 parapherna
1041 1700 1172 1733 gerunt3

317 1746 433 1774 Omnia
449 1755 511 1774 non
528 1747 620 1775 tellus
636 1746 744 1775 eadem
762 1746 828 1782 fert,
846 1746 978 1774 navibus
996 1746 1047 1774 illa

357 1795 501 1830 Advehit,
518 1795 594 1824 haec
611 1801 711 1824 mutat
729 1795 867 1832 piscibus
884 1795 951 1832 ipsa
969 1795 1044 1823 suis.

318 1844 454 1872 Palladis
470 1845 519 1873 hic
536 1845 635 1878 sedes,
653 1850 725 1873 sunt
742 1850 771 1873 et
789 1854 844 1873 sua
860 1845 976 1881 templa
993 1843 1172 1877 Camaenis‚

360 1892 420 1921 Hie
436 1893 541 1929 posuit
559 1893 705 1922 Phoebus
721 1898 802 1921 tecta
819 1893 960 1929 laresque
978 1901 1061 1920 suos.

319 1941 406 1970 Haec
423 1941 472 1969 ubi
489 1941 571 1970 dicta
586 1942 680 1976 dedit,
697 1943 836 1970 calamos
853 1941 929 1970 mihi
947 1941 1071 1969 tradidit
1088 1941 1148 1975 illa,

358 1991 450 2019 Mens
467 1991 585 2028 stupuit
601 1991 708 2020 doctae
726 1991 854 2020 numine
870 1996 953 2019 tacta
971 1990 1065 2018 Deae.

320 2040 499 2068 Haerebant
515 2040 595 2069 oculi
612 2039 702 2069 defixi
721 2040 750 2068 in
767 2040 905 2076 imagine
921 2039 1036 2072 vultus,

357 2088 416 2118 Vix
432 2089 531 2126 potuit
547 2089 696 2117 tremulos
713 2088 838 2117 fundere
855 2089 961 2125 lingua
979 2097 1083 2116 sonOS.

319 2138 398 2167 Pace
414 2143 477 2173 tua,
494 2138 564 2171 dixi,
582 2138 670 2167 liceat
687 2138 762 2166 mihi
779 2148 850 2166 vera
868 2137 976 2171 fateri,·

1300 2194 1346 2223 (Ν

1382 195 1441 225 305
