1883 2730
445 561 480 588 45

447 805 483 833 50

447 1050 482 1078 55

448 1287 485 1314 60

451 1534 486 1567 (¹5

459 2109 492 2137 75

833 225 859 248 Μ
865 224 932 248 USA
957 222 1096 247 LATINA
1121 219 1416 246 ABERDONENSIS.

645 306 742 344 Queis
757 314 847 334 curae
864 303 1021 341 suprema)
1039 303 1150 331 cohors
1165 301 1215 329 his
1231 300 1300 329 exul
1317 300 1355 328 ab
1370 298 1432 327 oris

646 354 749 391 Terga
765 354 856 383 dedit.
903 353 962 381 Sed
979 357 1008 381 te
1024 352 1165 380 reducem
1185 350 1268 378 Iovis
1286 348 1414 387 (optime
1432 345 1571 383 Daphni)

648 403 763 431 Dextra
779 401 957 431 Caledoniis
974 406 1138 438 postquam
1156 399 1239 428 dedit
1255 398 1369 435 inclyta
1387 396 1483 431 silvis,

648 452 767 485 Delius,
784 457 813 480 et
830 460 1031 488 quaecunque
1047 450 1152 478 colunt
1169 457 1248 485 vaga
1266 446 1395 475 numina
1413 445 1520 478 silvas,

650 500 793 537 Undique
809 499 1003 529 frondentem
1021 503 1162 535 repetunt
1180 498 1271 534 pleno
1287 495 1413 531 agmine
1429 503 1575 531 campum

646 550 748 586 Atque
765 548 952 577 Caledonias
969 552 1120 576 renovant
1137 555 1255 582 paeana
1273 554 1325 582 per
1341 553 1421 574 oras,

648 599 773 634 Vosque
789 596 1018 635 (Panomphaei
1035 595 1122 632 queis
1138 604 1227 623 curae
1244 603 1330 622 sacra
1347 591 1517 629 Tonantis)

647 648 673 674 ()
692 646 836 680 Druides,
854 647 1003 681 magnfim
1022 644 1122 681 proles
1138 643 1315 672 veneranda
1333 641 1484 675 Deorum,

647 696 761 724 Omnia
778 704 834 722 vos
851 694 937 722 hilari
956 693 1071 721 nostris
1087 702 1125 721 en
1143 691 1273 719 numina
1291 690 1380 719 silvis

649 744 813 781 Excipiunt
830 743 928 777 vultu,
946 747 1030 771 totus
1047 746 1187 777 gratatur
1202 745 1232 768 et
1249 740 1339 770 orbis.

648 793 757 832 Qualis
773 793 853 821 inest
869 792 953 820 eaelo
971 791 1063 819 facies
1080 790 1214 826 ealigine
1230 794 1322 822 tecto,

649 843 788 879 Impetus
804 841 916 869 atrocis
933 849 1027 877 quum
1045 838 1243 875 tempestatis
1259 837 1392 866 habenis

648 892 814 919 Grassatur
830 889 918 923 laxis,
936 888 1105 924 volitatque
1123 896 1175 923 per
1191 896 1259 914 aera
1279 886 1424 914 nimbus:

647 942 750 978 Quum
767 938 870 967 tremit
886 937 989 965 omnis
1005 946 1088 971 ager,
1106 940 1205 964 tumet
1221 943 1343 971 aequor,
1359 939 1389 962 et
1405 933 1510 962 omnia
1528 938 1656 961 mortem

652 988 807 1016 Immitem
825 987 980 1015 intentant
998 985 1098 1021 pecori
1117 983 1295 1020 pecorisque
1315 982 1486 1019 magistris.

650 1037 778 1074 Linquit
794 1041 825 1064 at
844 1036 926 1063 ans
943 1043 1038 1071 quum
1057 1033 1190 1069 primum
1208 1032 1328 1061 lucidus
1346 1032 1447 1060 undas

650 1086 806 1118 Phoebus,
823 1090 853 1113 et
870 1089 998 1112 exornat
1014 1083 1170 1110 radiorum
1188 1080 1308 1117 fulgure
1324 1081 1488 1114 mundum,

651 1134 782 1163 Lumine
799 1140 877 1162 terra
894 1133 988 1160 micat
1006 1131 1114 1159 rutilo:
1139 1130 1210 1158 silet
1227 1129 1363 1166 undique
1380 1134 1513 1157 stratum

648 1184 771 1220 Aequor
786 1188 814 1211 et
833 1181 952 1217 igniferi
971 1180 1048 1215 sugit
1067 1179 1267 1208 inclementia
1283 1178 1370 1208 coeli.

652 1233 742 1261 Haud
761 1241 850 1260 secus
865 1236 895 1259 et
912 1240 1012 1259 rerum
1030 1229 1136 1257 vultus
1153 1228 1297 1256 absentia
1315 1227 1406 1256 vertit

650 1283 778 1315 Vestra;
803 1279 990 1309 Caledonios
1008 1279 1086 1308 eheu
1104 1278 1170 1306 sine
1188 1276 1249 1306 fine
1266 1286 1319 1313 per
1334 1286 1427 1314 agros

653 1332 725 1359 Dira
742 1330 925 1359 tenebrosos
942 1329 1000 1357 late
1019 1328 1167 1363 regnabat
1185 1326 1331 1364 Erinnys,

652 1381 691 1408 Et
708 1388 801 1416 pecus
817 1379 936 1406 errabat
953 1377 1100 1405 miserum
1119 1385 1171 1412 per
1187 1375 1301 1404 lubrica
1317 1375 1419 1411 campi

652 1429 811 1463 Gramina,
830 1436 884 1455 nec
902 1426 981 1454 lidus
997 1426 1128 1461 cogebat
1144 1425 1182 1453 ad
1199 1425 1285 1452 alvea
1304 1423 1458 1460 Daphnis.

651 1478 709 1506 Ast
725 1477 851 1505 reduces
868 1485 966 1504 rerum
984 1474 1078 1503 facies
1095 1483 1151 1502 vos
1169 1474 1249 1502 laeta
1266 1473 1389 1502 salutat.

654 1527 818 1554 Pastorum
835 1525 949 1553 chorus
965 1523 1069 1551 omnis
1084 1532 1183 1551 ovans
1199 1532 1237 1551 en
1254 1522 1369 1550 rustica
1386 1522 1476 1550 sertis

653 1575 807 1611 Tempora
825 1574 957 1607 vinctus,
976 1573 1004 1601 io
1022 1571 1194 1609 ingeminat
1211 1580 1391 1608 paeanaque
1406 1575 1520 1599 cantat.

654 1624 776 1653 Gaudia
794 1632 849 1651 nec
867 1628 990 1651 nostras
1008 1622 1138 1658 implent
1154 1620 1373 1649 tantummodo
1389 1625 1530 1654 mentes;

655 1673 778 1702 Tondet
796 1672 825 1700 in
845 1672 976 1700 herboso
993 1671 1138 1707 petulans
1153 1679 1191 1698 en
1209 1668 1327 1698 roseida
1342 1677 1454 1705 campo

656 1722 807 1752 Gramina
823 1721 910 1750 ovis:
935 1720 1076 1748 tremulis
1093 1719 1169 1747 ludit
1185 1727 1255 1747 cum
1273 1723 1371 1746 matre
1387 1718 1444 1746 sub
1462 1716 1579 1745 umbris

656 1773 784 1809 Agnus:
809 1771 967 1799 inaccessa
985 1769 1055 1797 salit
1072 1778 1141 1797 ecce
1158 1768 1188 1796 in
1206 1777 1278 1804 rupe
1294 1767 1420 1804 capella.

657 1822 735 1850 Cum
754 1820 841 1848 silvis
858 1820 1012 1847 laetantur
1028 1817 1110 1853 agri:
1134 1815 1299 1846 clementia
1314 1815 1391 1844 coeli

659 1871 705 1899 lin
724 1870 808 1903 redit,
825 1874 854 1897 et
869 1868 1006 1904 placidae
1024 1866 1188 1895 subsidunt
1205 1865 1347 1902 aequoris
1363 1865 1472 1894 undae.

1103 1936 1172 1965 Cor.

659 1997 777 2033 Magna
793 1994 896 2029 refers,
914 1994 1056 2022 miranda
1071 1993 1168 2026 canis,
1200 1992 1401 2021 memoranda
1417 1991 1550 2020 revolvis

659 2046 780 2075 Gaudia
797 2050 885 2073 tanta
902 2043 1002 2071 modis
1019 2041 1117 2070 fundit
1134 2041 1214 2078 quod
1232 2040 1336 2068 fistula
1351 2040 1485 2077 comptis

661 2096 752 2124 Haud
769 2093 911 2131 equidem
929 2092 1070 2123 invideo;
1093 2096 1197 2127 grator
1214 2089 1326 2125 magis,
1343 2089 1426 2117 alma
1442 2087 1596 2116 Tonantis

659 2144 762 2172 Tanta
779 2141 956 2172 Caledoniis
973 2139 1091 2178 peragit
1107 2139 1188 2176 quod
1205 2139 1327 2166 dextera
1344 2137 1440 2166 silvis.

662 2194 789 2229 Iamque
806 2191 882 2225 vale,
899 2195 928 2219 et
946 2189 1079 2218 faustam
1097 2188 1169 2216 dent
1187 2187 1258 2215 liinc
1274 2187 1328 2215 tibi
1345 2185 1407 2214 fata
1425 2190 1593 2215 senectam.
