1903 2724
47 482 99 517 165

48 734 102 761 170

49 980 100 1008 ¹75

49 1218 102 1244 180

49 1462 100 1498 185

49 1717 103 1741 100

50 1960 102 1988 195

523 201 635 224 lmx'll)
661 202 926 225 wrtiunzulwltx.

288 282 440 311 lmmoror
457 282 505 311 hic
522 282 649 317 meritis,
668 288 700 311 ut
718 292 779 311 non
798 283 916 319 potiora
934 283 1116 319 supersint?

287 331 377 360 Vitae
394 332 533 360 habitum
552 337 656 368 specta
671 342 676 366 ;
701 341 804 360 nonne
821 332 870 360 hic
889 332 960 360 ldea
979 333 1126 360 bonorum
1143 332 1152 359 Ρ

289 381 388 409 David
405 381 546 410 adulterii
565 381 712 418 pietatem
731 382 798 409 labe
816 381 946 418 priorem

288 430 445 465 Foedavit,
464 430 529 459 vitii
548 431 722 467 minuitque
737 430 903 467 aspergine
920 430 1037 459 laudes.

289 479 352 512 Ille,
370 479 535 516 pudicitiae
552 489 623 508 vera
640 485 668 508 et
685 479 808 507 virtutis
825 479 938 514 imago,

289 528 419 556 lidocuit
436 534 540 556 castos
556 534 704 557 maneant
721 538 800 565 quae
817 529 955 565 praemia
973 538 1068 563 reges,

289 577 370 604 Nam
388 587 592 614 quaecunque
609 577 729 605 homini
747 577 847 614 superi
866 578 1059 613 indulgentia
1081 578 1180 605 l'atris

290 626 416 662 Annuit,
434 627 505 655 huic
521 627 679 655 thalamus
696 627 778 655 dedit
795 632 825 655 et
842 636 1009 655 numerosa
1026 636 1172 663 propago.

329 675 410 713 Quin
427 680 456 704 et
475 675 606 711 Religio,
625 675 789 712 probitatis
806 675 990 712 principium
1008 681 1037 704 et
1055 675 1133 710 fons,

287 724 436 752 Constitit
453 734 550 761 usque
567 725 623 753 sibi
641 725 863 761 cumulumque
880 725 962 753 hunc
978 725 1062 753 auxit
1079 725 1214 755 honoris.

289 773 322 801 ln
341 779 443 809 partes
459 774 535 802 haec
551 775 652 803 saecla
670 780 779 804 ruunt:
806 775 1009 811 Romanaque
1025 780 1126 803 castra

293 822 493 860 l’ropugnant
510 824 561 851 alii
579 823 664 859 ferro,
682 824 808 858 ratione,
827 833 966 853 veneno:

292 873 484 909 Oppugnant
500 873 562 903 alii.
606 874 720 902 Verum
739 874 815 910 perit
831 873 1018 902 altercando.

291 922 446 949 Omnibus
464 922 513 951 ille
531 922 620 952 idem.
666 923 757 960 Quod
775 922 1004 951 Constantinus
1021 928 1050 950 et
1068 922 1119 950 illa

290 970 447 1006 Dogmata
464 971 627 1006 dictarunt,
645 981 724 1008 quae
741 981 796 1000 nec
812 971 944 1008 corrupit
961 981 1054 999 avara

289 1019 426 1047 Ambitio
443 1029 498 1048 nec
514 1030 608 1057 opum
626 1021 721 1049 nimis
737 1020 903 1049 ambitiosa
919 1020 1038 1057 cupido,

289 1068 358 1096 Hoc
374 1069 480 1097 animo
496 1070 545 1098 ille
563 1070 625 1098 alto
642 1075 810 1107 noctesque
826 1070 954 1106 diesque
972 1069 1110 1098 revolvit.

290 1117 328 1145 Et
345 1127 414 1146 cum
433 1119 595 1155 pauperies
610 1120 755 1147 tenebras
770 1119 941 1147 offunderet
957 1124 1040 1147 atras

288 1166 375 1201 Luci,
396 1167 555 1196 Phoebaea
573 1168 717 1196 Christus
733 1177 825 1205 quam
844 1168 988 1204 lampade
1005 1167 1145 1204 praefert,

288 1215 341 1244 Ille
359 1217 575 1253 prophetarum
593 1217 749 1253 gregibus,
768 1226 821 1253 pro
838 1226 970 1253 paupere
986 1217 1080 1251 cultu,

287 1264 343 1292 Cui
360 1274 465 1293 comes
480 1271 527 1293 est
545 1266 724 1294 malesuada
741 1265 839 1294 fames
856 1271 885 1294 et
902 1266 1000 1302 turpis
1015 1270 1149 1302 egestas,

287 1313 508 1342 Constabilivit
523 1323 607 1351 opes,
625 1314 831 1343 invitamenta
847 1315 996 1342 bonorum

291 1363 397 1399 Usque
415 1363 514 1397 bonis,
533 1363 636 1400 pravis
652 1364 844 1392 irritamenta
862 1364 1024 1392 malorum.

331 1411 395 1440 Nec
412 1412 492 1440 vitae
511 1412 581 1440 finis
598 1413 710 1449 dispar.
758 1413 832 1441 Sine
849 1413 1002 1449 sanguine
1019 1413 1106 1449 pauci

290 1460 448 1489 Intereunt
466 1471 570 1497 reges;
596 1471 701 1498 regum
719 1461 768 1490 via
786 1462 884 1490 lactea
900 1462 1039 1499 sanguis.

288 1509 399 1538 Actum
418 1511 500 1539 hunc
516 1516 687 1539 extremum
705 1511 855 1546 tragicum
875 1511 1053 1548 Pompeius,
1071 1516 1100 1539 et
1118 1511 1168 1539 illa

290 1559 450 1588 Romanae
467 1560 569 1595 gentis
586 1565 630 1589 tot
647 1570 771 1588 summa
789 1570 942 1597 papavera
960 1570 1054 1589 saevo

292 1608 376 1636 Ense
394 1609 490 1637 recisa
507 1609 625 1646 probat,
642 1609 750 1646 probat
766 1609 848 1637 hunc
866 1618 1049 1645 semperque
1066 1609 1206 1645 probabit

290 1657 402 1691 Gallia,
419 1658 490 1685 dum
509 1662 616 1686 nostro
635 1657 760 1686 Latium
778 1657 990 1686 dominabitur
1005 1658 1079 1687 orbi.

288 1706 345 1734 Ast
361 1706 410 1735 ille
428 1707 466 1744 (O
484 1716 587 1744 regem
605 1706 648 1735 sic
664 1712 770 1743 terque
786 1711 954 1743 quaterque
971 1707 1095 1735 beatum
1109 1707 1128 1744 l)

290 1755 459 1792 Postquam
477 1756 645 1784 evolvisset
662 1756 722 1784 iam
739 1765 885 1784 emensae
902 1756 1038 1784 stamina
1055 1756 1146 1791 vitae,

288 1805 440 1838 Stamina,
458 1815 536 1842 quae
552 1815 644 1834 senae
661 1805 784 1834 decadis
801 1814 894 1842 prope
912 1806 1050 1841 margine
1067 1805 1144 1839 fusa,

292 1852 455 1881 Praescius
472 1853 620 1882 instantis
638 1853 690 1881 fati
709 1863 814 1882 secum
832 1859 904 1882 ante
922 1853 1039 1890 peregit

289 1901 464 1930 Commoda
479 1912 557 1939 quae
574 1902 670 1939 regni,
687 1912 765 1939 quae
783 1902 898 1931 Christi
916 1902 1046 1930 ecclesia
1063 1903 1188 1939 (quippe
1207 1902 1254 1931 hic

292 1951 352 1979 Hic
368 1951 509 1979 animum
527 1951 681 1988 imprimis
697 1952 795 1988 gessit
812 1961 980 1988 curamque
996 1952 1139 1988 virilem),

290 2000 457 2036 Exigerent
473 2001 626 2037 huiusque
642 2001 746 2029 odium
765 2001 961 2037 implacabile
979 2001 1080 2029 saecli.

292 2049 367 2077 Inde
383 2049 471 2085 quasi
489 2049 518 2077 in
536 2049 690 2086 placidum
708 2050 870 2078 declinans
887 2050 1004 2077 lumina
1023 2059 1179 2083 somnum,

292 2097 416 2126 Pectore
433 2099 540 2127 sedato
557 2098 712 2126 venientis
729 2098 847 2135 spicula
865 2098 915 2127 leti

291 2145 413 2183 Excipit
429 2151 458 2174 et
475 2147 630 2181 manibus,
648 2152 764 2183 regeret
781 2147 853 2175 durn
872 2146 999 2184 spiritus
1015 2153 1111 2182 artus,

1253 2204 1271 2227 F
1278 2204 1295 2226 F
1300 2204 1318 2227 F

1341 205 1408 233 409
