1883 2730
441 307 492 342 185

440 562 494 587 190

441 805 492 832 195

440 1048 495 1066 200

442 1292 495 1319 ²05

443 1535 499 1553 210

444 1781 497 1808 215

444 2026 498 2043 220

822 227 847 250 M
853 227 920 251 USA
945 226 1084 250 LATINA
1108 225 1284 250 ABERDON
1291 224 1401 249 ENSIS.

639 306 772 335 Falleret
791 307 1008 343 Hippomenes
1025 316 1128 343 pomo,
1146 315 1201 334 nec
1217 305 1309 334 vellet
1328 305 1419 332 Iason

637 355 785 384 Colchida
801 357 838 384 ab
856 356 933 384 irato
949 361 1068 393 raptam
1087 356 1229 384 divellere
1246 360 1341 390 patre,

639 405 704 433 Nec
722 405 838 442 pulchri
858 405 1009 434 Herodice
1026 410 1140 442 peteret
1155 404 1324 433 certamina
1340 412 1458 431 cursus,

640 453 781 482 Sorderet
799 454 895 483 roseis
911 453 1048 482 Tithono
1064 454 1181 482 Aurora
1198 452 1366 489 quadrigis,

640 503 705 531 Nec
722 503 875 540 Phrygiae
891 508 1014 540 cuperet
1030 503 1183 532 connubia
1201 502 1316 538 perdite
1333 500 1480 533 Achilles,

641 551 771 579 Laertae
787 556 895 579 natum
913 556 1033 588 caperet
1050 559 1104 579 nec
1120 549 1218 578 forma
1235 550 1399 586 Calypsus,

681 600 874 636 Spectandae
890 600 961 628 huic
977 599 1070 628 etiam
1088 598 1204 627 formae
1220 597 1373 633 contingit
1389 602 1418 624 et
1434 595 1495 624 oris

642 648 772 677 Pulcher
788 649 895 683 honor,
913 648 1092 685 placidaque
1109 652 1246 675 armatur
1262 646 1371 679 fronte,
1389 644 1467 672 virili

642 697 726 733 Lege
743 698 849 734 pudor,
867 703 979 726 terrore
997 707 1096 733 genus
1115 705 1284 732 sexumque
1300 694 1418 727 fatenti,

641 746 776 782 Cynthia
793 752 826 775 ut
845 747 1049 784 Hippolytum
1068 750 1174 783 posset
1190 745 1337 772 damnare
1354 743 1521 771 reductum.

640 794 712 823 Sive
730 794 848 831 fugacis
865 796 933 832 equi
951 795 1082 832 expertis
1099 795 1274 822 moderatur
1290 791 1420 820 habenis

641 843 676 870 In
693 853 769 881 gyro
786 845 934 879 studium,
952 849 1075 881 superat
1093 853 1153 871 non
1172 841 1345 871 Thessalus
1362 840 1459 873 illurn,

641 891 711 919 Non
729 898 886 928 gemmata
903 893 989 929 niger
1004 893 1054 929 qui
1073 892 1128 921 fert
1145 891 1300 920 velamina
1318 890 1448 923 Medus;

641 940 714 968 Sive
732 941 900 977 sagittandi
918 947 1004 970 vocet
1020 951 1100 975 area,
1115 941 1247 969 Parthus
1264 940 1388 968 inanem

639 988 785 1018 'l‘raderet
803 990 872 1018 huie
889 1000 991 1019 arcum
1011 991 1162 1026 Susisque
1179 989 1342 1018 silentibus
1359 988 1414 1016 iret

639 1037 747 1065 Victus
766 1038 1006 1074 Achaemenius,
1023 1049 1078 1068 nec
1096 1040 1203 1068 Cretes
1220 1047 1332 1066 nomen
1351 1037 1508 1065 haberent.

641 1087 713 1115 Sive
729 1087 813 1116 lubet
831 1088 977 1116 blandum
995 1088 1121 1116 alternis
1137 1097 1235 1116 errare
1251 1086 1382 1120 choreis,

643 1135 682 1164 Et
699 1142 783 1164 motu
802 1137 951 1173 trepidare
968 1137 1026 1166 levi
1043 1142 1217 1173 terramque
1233 1135 1345 1164 tenello

641 1184 812 1214 Sollicitare
831 1187 915 1222 pede,
933 1196 986 1215 seu
1004 1186 1097 1214 libera
1115 1186 1244 1214 nexibus
1261 1187 1321 1212 una

641 1233 735 1270 Virgo
751 1240 811 1268 eat,
829 1240 882 1263 aut
899 1236 984 1263 solus
1001 1235 1101 1271 spatio
1118 1235 1256 1263 decurrat
1272 1239 1387 1270 aperto,

641 1282 702 1310 Aut
720 1283 847 1311 iunctim
864 1293 991 1320 capreas
1008 1284 1124 1312 saliens
1141 1283 1278 1312 imitetur
1295 1283 1324 1310 in
1341 1282 1449 1315 altum,

643 1331 747 1359 Gloria
765 1332 863 1368 prima
879 1333 945 1361 tibi.
992 1333 1055 1361 Scit
1072 1332 1156 1360 fulvo
1171 1332 1315 1361 concolor
1330 1340 1404 1360 auro

645 1379 713 1408 Hoc
729 1380 846 1417 Tagus,
864 1387 893 1410 et
910 1382 1051 1410 iuvenem
1065 1382 1130 1419 jam
1149 1387 1213 1410 tum
1232 1381 1339 1409 mirate
1357 1380 1498 1417 Philippe
1514 1389 1559 1414 es,

644 1428 689 1456 Ad
706 1434 734 1457 te
751 1439 819 1457 cum
839 1430 918 1465 regis
935 1429 1023 1458 ferret
1041 1431 1186 1459 mandata
1206 1430 1357 1463 Britanni,

644 1477 744 1506 Multa
763 1488 854 1515 super
870 1479 954 1515 pacis
971 1480 1054 1515 leges
1070 1484 1099 1507 et
1116 1479 1236 1508 foedera
1253 1479 1374 1507 dictans

645 1525 802 1562 Legatus;
825 1537 930 1556 comes
947 1528 994 1556 hic
1011 1528 1124 1563 dignus
1140 1529 1230 1556 datur
1246 1537 1327 1556 unus
1343 1527 1438 1561 eunti,

643 1575 721 1602 Cum
740 1576 876 1604 nondum
894 1577 1009 1611 lanugo
1025 1577 1136 1605 tenella
1154 1577 1291 1605 investiit
1307 1586 1368 1609 ora,

645 1623 687 1652 Ut
706 1623 842 1652 iunctum
860 1626 966 1653 credas
985 1625 1144 1654 Bromium
1163 1626 1278 1654 radiare
1295 1625 1442 1653 Tonanti.

687 1673 746 1701 Hic
763 1674 885 1709 quoties
903 1674 1069 1711 Nymphae
1086 1675 1251 1712 stupuistis
1269 1675 1414 1708 Iberides,
1433 1674 1518 1702 illum

646 1723 745 1751 Lento
762 1733 854 1760 saepe
871 1725 977 1759 gradu,
994 1725 1145 1762 celerique
1163 1725 1320 1754 volumine
1339 1734 1430 1761 saepe

647 1771 716 1800 Huc
734 1772 804 1800 illuc
821 1773 913 1800 variis
929 1778 1080 1801 errantem
1098 1774 1294 1809 ambagibus,
1311 1773 1372 1802 oris

643 1820 778 1849 Turbine
794 1821 970 1856 confusum,
987 1827 1015 1850 et
1033 1823 1159 1858 pulchro
1176 1824 1285 1851 sudore
1302 1823 1488 1856 madentem,

645 1870 777 1907 Quando
794 1871 906 1898 blanda
922 1871 1034 1900 hilares
1051 1871 1172 1900 iteraret
1189 1871 1263 1900 tibia
1279 1872 1407 1900 cantus!

645 1918 763 1946 Multae
780 1919 849 1953 illic,
868 1919 1003 1953 memini,
1021 1929 1171 1956 sponsum
1189 1926 1340 1956 optavere,
1362 1920 1529 1949 Britannae

646 1967 763 1995 Multae
781 1967 866 1995 illum
884 1968 1004 2004 cupiere
1022 1978 1156 2004 procum,
1175 1969 1227 1997 sed
1245 1975 1347 1997 mente
1365 1969 1473 2005 pudica

646 2015 771 2044 Restitit
787 2022 816 2044 et
834 2016 932 2052 patrio
949 2027 980 2045 se
997 2017 1190 2045 conservavit
1207 2017 1314 2051 amori,

644 2064 868 2101 Amplexuque,
888 2065 1029 2098 Isabella,
1047 2071 1106 2094 tuo.
1153 2066 1217 2094 Nec
1233 2066 1292 2094 vile
1309 2066 1421 2094 laboris

646 2113 712 2147 Est,
731 2113 834 2147 fateor,
853 2114 951 2142 meriti
969 2115 1098 2151 pretium
1114 2124 1120 2149 3
1144 2119 1173 2143 te
1190 2120 1311 2151 propter
1326 2121 1355 2143 et
1371 2124 1488 2150 aurum,

645 2161 689 2190 Te
707 2168 830 2198 propter
845 2163 1032 2199 contempsit
1049 2172 1123 2199 opes
1140 2173 1218 2199 quas
1234 2163 1335 2200 Angla
1353 2164 1487 2192 dedisset
