1903 2724
565 206 716 229 ΤΗΟΜᾹς
741 205 910 230 (“λκ(“.ῐῐ,ῐ..
1382 212 1417 241 33

707 286 768 316 Ill.

124 369 200 392 From
215 369 338 399 Ogston's
352 369 441 392 Oratio
455 368 590 395 Funcbris,
603 370 673 398 1623.
685 376 726 399 pp.
742 375 820 398 13-15.
852 369 906 392 The
920 369 971 392 first
984 375 1079 393 extract
1093 370 1117 393 in
1129 378 1198 394 verse
1213 371 1231 393 is
1244 380 1417 402 anonymousz

58 411 100 433 the
113 410 206 434 second
219 410 280 441 only
294 411 314 433 is
325 410 358 440 by
372 411 475 440 Cargill.
509 410 572 433 This
585 410 633 433 last
647 410 667 433 is
681 410 756 433 tal-:en
771 410 802 440 by
814 411 915 441 Ogston
930 410 993 434 from
1008 411 1050 434 the
1061 419 1133 441 poem
1145 412 1243 435 written
1257 413 1333 436 about
1350 421 1418 442 ¹593.

57 452 117 481 (See
136 451 222 477 Musa,
236 451 285 475 vol.
299 451 314 475 i.
333 451 464 482 Presatory
485 451 561 479 Note,
581 458 603 481 p.
623 451 656 481 9),
675 451 703 474 os
717 451 801 474 which
822 459 854 474 no
873 459 943 475 more
962 452 1007 474 has
1026 452 1088 475 been
1109 453 1249 483 preserved,
1268 454 1318 476 and
1338 455 1418 477 which

57 499 116 523 may
128 492 159 516 be
177 492 299 523 regarded
318 500 346 516 as
363 493 405 515 the
423 492 504 515 oldest
522 492 630 516 effusior}
649 492 678 515 of
693 493 734 515 the
754 492 884 515 Aberdeen
906 493 980 516 Latin
1002 493 1083 520 Muse.
1103 493 1122 515 if
1138 501 1174 516 we
1194 493 1263 517 leave
1281 495 1349 517 Vnus
1367 496 1417 518 and

59 533 183 557 Florencc
197 533 299 557 Wilson
313 538 359 556 out
371 533 400 557 os
408 538 526 556 account.

122 574 236 598 William
255 576 367 605 Ogston,
383 575 480 605 Regcnt
499 573 528 597 os
545 574 609 597 Mar.
624 574 689 598 Colli
704 574 729 597 in
750 575 826 602 1610:
848 574 966 598 Minister
984 575 1012 598 os
1029 575 1126 601 Hailes,
1143 576 1211 605 1635.
1247 576 1318 598 Fasti
1337 577 1416 600 Acad.

56 616 125 639 Mar.
141 616 166 639 ii.
179 623 208 645 33
221 623 226 643 ;
245 616 336 639 Abcrd.
351 616 454 647 Qmitcr.
469 615 543 639 stud.
559 615 671 646 Bibliog.
685 622 739 644 391.
776 615 832 639 The
845 615 946 646 Eulogy
960 617 985 639 in
999 623 1075 647 prose
1088 616 1137 639 will
1157 616 1280 640 illustrate
1299 618 1372 640 rnuch
1393 618 1421 640 os

56 657 97 680 the
118 657 177 686 1623
197 656 364 687 Laclerymae.
383 657 433 680 and
451 657 494 681 the
513 657 587 680 Latm
606 664 690 680 verses
708 657 777 680 there
795 656 828 687 by
847 657 890 680 the
908 657 1109 685 Weddmburns,
1124 657 1232 680 Andrew
1249 658 1351 682 Massie.
1369 659 1418 681 and

55 698 142 728 James
155 698 260 722 Sibbald
274 699 348 729 given
363 698 388 722 in
403 699 445 722 the
458 699 559 722 volume
571 697 651 721 under
665 697 730 721 their
743 705 839 721 names.

179 778 277 816 “Qua
295 778 332 806 de
348 787 378 806 re
396 787 456 806 non
475 777 629 806 immerito
645 787 660 806 e
677 787 793 814 nupero
810 782 916 806 vatum
930 777 1022 812 foetu,
1036 777 1145 806 cecinit
1158 778 1293 814 quidam.
1306 784 1335 807 et

259 827 381 864 quidem
400 827 506 857 scite.''

179 876 287 905 Scorss
306 875 554 910 MARiscHALLE,
572 876 598 904 O
619 875 787 909 ΚΕΥτΗιῑν,
804 876 938 913 gaudeto
961 876 1102 910 GssoRffl,

219 926 359 955 Servasti
378 925 466 962 Regi,
486 925 658 962 Relligione
676 925 794 959 Fidem,

182 976 262 1004 Cum
282 976 382 1008 Pater,
397 985 432 1004 ac
448 981 569 1008 atavus,
586 985 708 1012 quoque
724 985 812 1008 avus,
829 985 864 1003 ac
881 975 978 1012 prima
995 984 1142 1012 propago,

219 1026 392 1054 Gesserunt
409 1025 549 1053 animum
566 1034 635 1053 cum
654 1025 806 1062 probitate
823 1034 956 1054 sacrum.

180 1075 283 1104 Macte
299 1075 402 1112 igitur,
419 1075 480 1102 iam
498 1079 598 1103 macte
614 1074 728 1109 animo,
747 1080 799 1102 tua
816 1074 912 1111 gloria
928 1075 1030 1108 crevit,

217 1124 308 1162 Quod
325 1125 430 1152 dextra
446 1123 544 1152 fuerat
562 1133 679 1160 sponsa
695 1124 830 1152 tenenda
846 1129 899 1152 tua
913 1133 918 1152 :

177 1173 330 1211 Quodque
346 1174 436 1202 dares
452 1178 552 1202 tutam
572 1172 660 1209 Regi,
678 1173 793 1209 pietate
808 1173 948 1206 colendo¹

59 1233 94 1252 10
220 1223 281 1261 Qui
298 1223 414 1251 ANNAE
432 1232 515 1250 nunc
531 1222 618 1250 lateri
635 1222 774 1259 iungitur
790 1222 856 1259 ipse
871 1231 986 1251 comes.

178 1272 263 1309 Ergo
280 1272 507 1300 MARISCHALLI
525 1271 611 1299 nullo
626 1271 786 1299 claudetur
801 1272 839 1299 ab
855 1280 933 1299 aevo

220 1320 318 1348 Fama
332 1329 337 1348 :
363 1321 416 1349 sed
433 1321 564 1348 Arctoos
580 1319 635 1348 ibit
647 1320 786 1357 adusque
803 1320 900 1357 polos

177 1369 295 1398 Lucida
312 1379 429 1406 quaeso
446 1369 500 1397 tibi
518 1370 628 1398 dentur
644 1369 814 1406 penetralia
829 1369 916 1403 coeli,

218 1418 258 1446 Et
274 1423 345 1455 post
362 1418 542 1446 innumeros
559 1418 653 1455 longa
670 1423 795 1447 senecta
811 1418 885 1448 dies,

57 1477 89 1506 15
195 1468 265 1506 Qua
276 1473 380 1496 autem
392 1467 548 1505 legatione
563 1473 626 1495 tam
639 1468 792 1504 praeclare
802 1467 956 1501 defuncta,
969 1477 1109 1496 reversus
1122 1467 1152 1495 in
1166 1467 1310 1502 Patriam,
1323 1468 1413 1496 novis

136 1517 274 1551 subinde,
293 1517 392 1554 iisque
408 1516 614 1554 amplissimis
629 1521 740 1545 auctus
763 1522 810 1545 est
830 1516 1011 1546 honoribus.
1054 1517 1136 1555 Quid
1160 1526 1221 1545 non
1245 1517 1413 1545 cultoribus

134 1566 196 1595 tuis
213 1566 342 1603 largiris,
359 1566 466 1599 virtus,
483 1566 599 1594 nemini
620 1566 680 1594 nisi
703 1566 827 1603 ignavis
849 1565 968 1594 exosa?
1015 1566 1184 1594 Enimvero
1206 1565 1411 1601 gliscentibus

135 1615 184 1643 hic
209 1615 389 1644 domesticis
419 1615 519 1651 malis,
543 1615 581 1643 ad
608 1615 819 1652 reprimendos
841 1616 1036 1652 quorundam
1064 1614 1265 1652 perduellium
1296 1620 1410 1649 motus,

134 1665 226 1692 Anno
255 1664 384 1701 virginei
411 1669 527 1701 partus,
559 1673 651 1701 supra
678 1664 891 1699 millesimum,
922 1664 1176 1701 quingentesimo
1204 1663 1410 1700 nonagesimo

55 1723 91 1742 20
134 1713 223 1742 tertio
248 1713 364 1742 Boreae
387 1712 576 1750 praefectura
599 1718 646 1742 est
668 1718 806 1742 ornatus.
851 1713 938 1741 Alias
960 1713 1044 1746 item,
1061 1713 1253 1741 solemnibus
1269 1712 1408 1740 omnium

135 1763 220 1800 regni
237 1763 378 1791 ordinum
396 1762 498 1799 (prout
514 1762 609 1791 moris
624 1764 684 1801 est)
701 1763 848 1792 Comitiis
863 1762 998 1797 indictis,
1016 1772 1069 1791 seu
1095 1762 1140 1800 (ut
1164 1762 1258 1799 vulgo
1282 1762 1410 1798 loquun-

134 1812 194 1850 tur)
225 1811 438 1848 parliamento,
461 1812 552 1840 Anno
579 1821 671 1848 supra
701 1812 915 1845 millesimum,
939 1811 1166 1840 sexcentesimo
1193 1820 1286 1843 nono,
1311 1819 1409 1839 rerum

135 1870 276 1889 summae
299 1865 346 1889 est
367 1861 572 1898 praepositus,
588 1862 727 1898 adeoque
747 1861 777 1889 in
801 1861 900 1898 ipsius
925 1861 1030 1898 Regis,
1051 1861 1081 1888 in
1108 1860 1235 1889 ANc-,m
1259 1859 1408 1892 absentis,

135 1910 236 1938 locum
254 1914 301 1938 est
317 1909 474 1938 suffectus.

55 1968 90 1997 25
197 1958 258 1987 Sed
270 1958 353 1987 enirn
365 1958 555 1997 (Auditores)
569 1968 607 1987 ne
619 1958 696 1988 forte
713 1959 788 1988 haec
800 1968 879 1996 quae
895 1959 925 1987 in
943 1959 1152 1996 promovenda
1170 1958 1288 1994 Repub.
1306 1966 1411 1994 praes-

134 2007 196 2036 titit
219 2007 309 2045 (quae
325 2013 404 2036 certe
421 2007 557 2036 maxima
573 2008 658 2046 sunt)
674 2013 789 2045 cogant
813 2017 870 2036 nos
887 2008 1020 2045 reliquas
1038 2007 1151 2036 Herois
1168 2006 1264 2034 nostri
1281 2005 1410 2034 virtutes

135 2056 258 2085 silentio
281 2056 455 2093 praeterire,
471 2057 509 2085 ad
533 2057 602 2085 illas
618 2057 807 2086 veniendum
833 2062 890 2091 est,
907 2066 985 2094 quas
1008 2055 1160 2093 imprimis
1183 2055 1241 2083 sibi
1263 2055 1410 2083 colendas

134 2105 332 2141 existimavit,
355 2105 538 2142 illarumque
561 2106 663 2135 brevis
679 2107 831 2143 quaedam
855 2106 998 2144 διαγραφῆ
1018 2104 1116 2133 oculis
1140 2104 1253 2132 vestris
1271 2109 1317 2132 est
1338 2104 1408 2132 sub-

134 2154 274 2183 iicienda.
322 2155 424 2183 l'rirno
452 2160 556 2184 autem
586 2164 602 2183 e
637 2155 786 2183 memoria
821 2154 898 2183 mihi
936 2154 1035 2191 prodit
1076 2153 1281 2190 praedicanda
1310 2152 1408 2189 ipsius

1301 2209 1322 2232 E

58 985 76 1015 υι
