1883 2730
434 208 498 240 344

436 347 490 376 130

437 592 490 621 135

438 839 493 864 140

440 1082 492 1111 145

443 1329 497 1358 150

442 1574 494 1603 155

442 1814 497 1841 160

444 2059 496 2094 165

832 209 928 233 MUSA
953 208 1090 232 LATINA
1116 207 1395 232 ABERDONENSIS.

676 289 723 318 Ne
739 288 804 324 fles,
822 290 956 318 externis
972 290 1053 327 quod
1071 289 1104 318 iit
1121 289 1289 318 moriturus
1306 288 1336 317 in
1353 288 1424 323 oris,

714 338 823 368 Tellus
841 339 925 368 nulla
942 339 1032 368 bonis
1049 344 1096 367 est
1113 338 1274 375 peregrina
1290 337 1374 367 viriS.

677 389 722 416 Ex
738 397 846 425 aequo,
863 389 1007 418 aethereo
1024 388 1160 416 mundus
1177 392 1352 416 removetur
1369 387 1515 424 Olympo,

717 437 782 466 Nec
799 437 901 475 magis
917 438 992 466 haec
1008 437 1061 466 illa
1077 442 1162 474 parte
1180 435 1352 473 propinqua
1370 436 1452 473 polo.

678 485 784 515 Felix!
806 487 886 523 quod
904 487 1035 524 propriis
1052 496 1113 515 non
1131 486 1244 515 videris
1259 485 1388 522 agmina
1404 485 1496 514 tectis

716 533 832 564 Tristia
850 535 969 571 lugubri
987 535 1094 564 tollere
1111 535 1202 563 busta
1218 543 1306 563 sono.

677 583 742 612 Nec
758 588 791 612 tu
807 584 873 613 sola
889 584 984 618 doles,
1003 585 1104 613 luctus
1121 583 1279 613 consortia
1295 583 1430 619 iungunt

719 632 858 671 Quarum
876 639 949 662 sunt
966 633 1058 662 Latio
1075 633 1205 670 pignora
1221 637 1302 661 tecta
1320 632 1406 666 solo;

678 682 788 711 Clarus
806 683 855 711 ubi
872 683 983 719 exigua
1000 683 1149 720 premitur
1167 682 1359 718 Duglassius
1376 691 1463 715 urna,

720 732 758 760 Et
775 731 845 768 pius
861 732 891 760 in
909 737 1017 761 sancta
1036 732 1163 770 Sylvius
1180 733 1252 760 urbe
1269 731 1356 760 iacet.

679 780 803 809 Nobilis
819 786 848 809 et
864 786 983 810 veteres
1000 781 1133 809 illustrat
1150 780 1254 809 funere
1272 780 1427 809 Thermas

719 829 918 866 Chesolinus,
935 830 1040 867 stirpis
1057 831 1109 858 lux
1124 830 1303 867 patriaeque
1318 829 1424 863 decuS,

679 878 740 917 Qui
757 879 841 907 velut
858 879 1006 916 imposuit
1022 879 1114 916 capiti
1131 879 1244 908 virtute
1261 884 1426 912 sacratam,

721 927 892 964 Supposuit
909 929 1038 965 pedibus
1055 929 1108 962 sic,
1126 928 1248 965 pietate,
1267 928 1402 956 mitram.

681 975 781 1004 Roma
799 977 978 1006 Caledoniis
993 982 1084 1006 vetus
1100 982 1129 1005 et
1146 976 1239 1005 fatale
1256 976 1466 1013 sepulchrum,

722 1025 825 1053 Prima
843 1035 899 1054 nec
914 1032 1057 1062 expertos
1074 1035 1168 1054 causa
1185 1026 1279 1054 latere
1295 1030 1405 1062 potest.

683 1072 853 1101 Pendimus
870 1073 996 1102 inferias
1012 1073 1149 1102 Troiana
1166 1083 1218 1110 per
1233 1083 1306 1101 arva
1326 1073 1451 1109 Pelasgi

721 1123 868 1152 Manibus
887 1124 1049 1152 Hectoreis
1067 1124 1296 1160 Dardaniisque
1312 1123 1405 1160 rogis.

682 1172 732 1201 Sic
749 1173 939 1202 ulciscuntur
955 1174 1074 1202 deletos
1091 1173 1191 1202 Marte
1211 1173 1352 1202 Latinos.

723 1222 855 1250 Strenua
872 1231 949 1259 quos
965 1223 1088 1251 cohibet
1104 1227 1182 1251 terra
1200 1222 1343 1250 Brittana
1360 1222 1441 1252 sinu.

680 1270 780 1308 Quare
797 1280 854 1307 age
871 1276 1045 1300 moerentes
1061 1271 1143 1300 lucta
1159 1271 1284 1300 tandem
1301 1271 1383 1307 erige
1400 1271 1516 1306 vultus,

723 1319 836 1348 Cernat
852 1329 951 1348 ovans
968 1326 1062 1348 natus
1078 1320 1197 1348 lumina
1215 1320 1295 1348 sicca
1312 1325 1396 1353 tuuS,

681 1368 750 1407 Qui,
768 1378 859 1406 super
874 1370 1011 1406 empyrei
1028 1370 1133 1398 divina
1151 1369 1265 1406 palatia
1281 1369 1357 1398 caeli

723 1418 838 1446 Sancta
858 1419 1074 1456 Redemptoris
1091 1419 1230 1448 membra
1248 1418 1410 1455 Deumque
1427 1417 1547 1452 videns,

683 1466 834 1495 Dulcibus
850 1468 1025 1497 ambrosiae
1041 1467 1142 1497 ferclis
1159 1468 1292 1504 repletus
1308 1467 1431 1496 abunde

724 1515 856 1544 Nectare
871 1516 1052 1544 caelicolum
1070 1516 1182 1552 proluit
1198 1525 1251 1545 ora
1268 1524 1364 1548 sacro,

682 1563 847 1601 Tantaque
863 1565 1008 1594 caelestis
1025 1565 1153 1594 miratur
1169 1565 1306 1602 praemia
1323 1563 1420 1601 regni,

725 1613 936 1651 Laetitiaeque
952 1615 1062 1643 modos
1079 1614 1300 1651 angelicosque
1316 1614 1436 1642 choros

684 1662 812 1699 Nosque
830 1663 876 1690 sui
894 1672 1049 1692 memores
1065 1663 1210 1692 domibus
1227 1662 1403 1699 speculatur
1418 1662 1457 1690 ab
1473 1661 1557 1696 altis,

726 1711 816 1740 Ridet
832 1716 861 1740 et
877 1717 1013 1747 angusto
1030 1711 1137 1740 funera
1154 1716 1257 1748 spreta
1274 1711 1351 1740 loco.

685 1761 711 1789 O
728 1760 838 1790 dilecte
855 1763 946 1798 puer!
969 1761 1089 1790 validas
1106 1761 1131 1789 si
1150 1761 1291 1789 Numina
1307 1760 1399 1794 vires,

723 1811 761 1838 Et
778 1819 831 1838 ceu
849 1810 927 1838 velle
943 1810 1029 1844 mihi,
1047 1810 1090 1838 sic
1106 1819 1228 1847 quoque
1245 1818 1336 1846 posse
1352 1808 1459 1837 darent
1474 1818 1480 1842 ;

682 1859 753 1887 Non
770 1864 823 1887 tua
839 1859 982 1896 pulverea
998 1859 1145 1888 foeterent
1161 1867 1287 1895 corpora
1304 1857 1398 1891 fossa,

724 1908 833 1937 Dulcia
850 1918 905 1937 nec
921 1908 1038 1945 rigidus
1053 1909 1200 1945 degravet
1215 1916 1289 1936 ossa
1305 1906 1404 1943 lapis;

683 1958 774 1986 Clara
791 1958 842 1986 sed
860 1957 977 1993 ingenti
995 1958 1131 1986 lucerent
1147 1957 1274 1985 nomina
1291 1955 1417 1992 templo,

725 2007 873 2044 Pictaque
889 2006 1038 2035 mirandis
1055 2011 1222 2035 stemmata
1238 2005 1322 2033 avita
1337 2004 1449 2033 modis.

684 2056 806 2084 Funera
821 2055 1004 2084 cinnameos
1020 2055 1173 2092 spirarent
1189 2054 1316 2092 prodiga
1333 2061 1453 2088 5110005,

723 2105 762 2133 Et
778 2103 884 2133 flueret
901 2104 1042 2133 redolens
1058 2103 1161 2132 functa
1179 2112 1231 2140 per
1245 2112 1299 2132 ora
1316 2102 1423 2139 liquor.
