1883 2730
437 204 500 237 332

438 443 493 470 170

440 688 492 717 Ι75

442 927 497 953 180

444 1174 496 1207 185

446 1426 500 1452 190

447 1670 499 1698 195

448 1916 505 1934 200

837 205 932 230 MUSA
959 204 1095 229 LATINA
1121 203 1399 228 ABERDONENSIS.

677 286 778 325 Quem
795 287 876 315 dicto
892 291 922 315 et
938 286 1019 315 facto
1035 286 1144 324 pascit,
1158 285 1338 322 refovetque
1355 284 1508 321 favetque.

678 336 757 365 Vive
773 336 824 365 diu
842 337 976 365 multum
993 335 1073 370 felix,
1091 340 1236 371 regnator
1253 334 1379 372 Olympi

677 385 734 414 Cui
751 386 834 414 dedit
849 395 919 414 esse
936 386 1003 414 solo
1020 394 1133 422 regem,
1151 384 1324 420 triplicique
1341 392 1455 412 corona

677 433 833 471 Tempora
848 434 1014 471 ter-magni
1032 433 1082 470 qui
1099 433 1195 462 cinxit
1211 441 1297 460 sacra
1317 432 1514 460 monarchae.

680 483 711 510 Is
727 483 810 511 dabit
826 492 895 512 esse
911 483 982 520 polo
999 491 1112 519 regem,
1129 491 1163 510 es
1179 480 1396 510 ter-maximus
1413 480 1482 508 istic

680 531 786 561 Unum
804 541 857 568 pro
873 531 982 568 triplici
1000 531 1124 568 quando
1140 530 1283 559 diadema
1299 531 1413 558 corona

678 580 832 618 Tempora
849 590 936 609 sacra
953 581 1023 618 polo
1039 585 1198 608 aeternum
1216 579 1358 608 redimire
1375 578 1504 607 videbis.

681 630 763 658 Huic
779 630 916 658 animam
934 629 1045 658 Charis
1061 629 1143 657 alma
1159 628 1241 663 colit,
1259 637 1351 664 quam
1369 626 1506 655 flaminis
1523 636 1633 656 omnes

683 679 899 707 Condecorant
915 679 1004 708 dotes
1020 678 1116 715 regali
1133 683 1255 715 pectore
1272 677 1395 714 dignae.

677 727 731 763 Te,
748 728 805 756 tria
823 737 926 764 regna,
944 727 1028 764 pium
1047 732 1162 756 rectum
1180 727 1355 755 moderetur
1370 732 1399 754 et
1417 735 1562 762 aequum.

680 777 882 813 Praecipitem
899 777 1036 805 clemens
1053 776 1207 813 sapientia
1223 780 1373 812 temperet
1390 775 1476 810 iram,

681 826 778 863 Inque
794 826 968 854 enodandis
984 826 1091 854 tardus
1108 826 1152 854 sis
1168 824 1308 853 fascibus
1323 834 1385 852 oro.

680 875 737 903 Ast
753 875 790 903 de
805 875 898 903 caede
916 874 1012 911 patris
1028 880 1060 902 tu
1078 874 1138 902 sis1
1155 873 1287 902 Amazia
1303 873 1389 908 celsi,

682 923 784 952 Nemo
802 923 1001 957 Patricidsim‚
1020 933 1133 960 precor,
1151 923 1208 951 hoc
1225 922 1352 959 impune
1370 923 1490 951 referto.

681 972 841 1009 Sanguine
858 973 887 1000 in
904 972 1002 1001 effuso
1019 972 1100 1000 haud
1117 972 1201 1000 licuit
1218 972 1264 1001 vel
1282 981 1403 1008 parcere
1418 971 1517 1000 cuivis
1533 982 1538 1004 ;

684 1021 744 1050 Sed
763 1021 866 1049 minus
883 1021 940 1050 hoc
956 1021 1055 1049 multo
1072 1020 1151 1057 siqui
1169 1020 1275 1048 ausint
1291 1021 1397 1049 tollere
1415 1030 1527 1057 regem.

687 1070 836 1098 Provocat
853 1070 980 1107 impune
996 1070 1053 1098 hoc
1069 1075 1098 1098 et
1115 1070 1152 1098 ad
1169 1070 1314 1098 ulteriora
1331 1070 1494 1106 patranda,

687 1120 826 1150 Ulterius
842 1119 1006 1157 quicquam
1024 1120 1049 1147 si
1067 1119 1231 1148 maiestate
1249 1121 1382 1148 daretur.

687 1169 805 1205 Pagina
818 1170 828 1187 ²
849 1178 935 1197 sacra
953 1169 992 1205 pii
1010 1169 1060 1205 pia
1076 1169 1116 1197 sit
1133 1169 1293 1197 meditatio
1310 1168 1401 1205 regis,

688 1219 774 1247 Velle
792 1218 848 1246 Dei
866 1218 905 1246 sit
922 1218 1000 1246 velle
1016 1217 1115 1251 ducis⁸
1135 1217 1274 1254 fidosque
1286 1222 1295 1235 ³
1312 1217 1474 1246 ministros

683 1266 792 1296 Officio
809 1267 920 1303 vigiles
938 1272 1059 1303 sceptro
1076 1266 1190 1294 tuearis
1207 1267 1318 1295 amico.

686 1317 756 1353 Ipse
775 1317 895 1353 Lupam
913 1315 993 1354 qubd
1009 1325 1088 1344 avus
1104 1316 1226 1344 calamo
1243 1315 1398 1344 transfixit
1416 1320 1519 1350 acuto,

686 1366 805 1395 Hastae
821 1367 928 1395 eadem
948 1366 1070 1402 figenda
1088 1371 1193 1394 manet
1210 1365 1263 1393 tibi
1281 1365 1409 1402 cuspide
1426 1365 1500 1393 dira.

686 1417 756 1454 Quo
773 1421 802 1444 te
819 1415 881 1444 fata
897 1421 1009 1444 vocant
1026 1415 1148 1449 tendas,
1166 1414 1303 1451 insignia
1320 1423 1430 1448 cerne;

686 1465 757 1493 Non
774 1465 886 1493 desunt
902 1466 994 1501 opera
1011 1473 1141 1500 quorum
1159 1464 1208 1492 hic
1226 1468 1321 1497 utare,
1343 1463 1473 1492 Molossi

687 1513 781 1542 Actes
797 1518 826 1542 et
842 1513 907 1541 duri
926 1513 1009 1549 pardi
1027 1512 1173 1548 crudique
1192 1512 1309 1545 leones,

690 1563 813 1591 Robora
830 1562 1068 1598 magnanimum
1085 1561 1174 1590 cunei
1191 1566 1333 1590 conserta
1350 1561 1499 1595 virorum,

693 1612 832 1641 Heroum
850 1611 970 1640 vibrent
989 1611 1145 1640 Macetum
1163 1611 1199 1639 de
1216 1619 1300 1639 more
1318 1610 1452 1638 sarissas

687 1661 727 1689 Et
743 1661 794 1697 qui
811 1659 965 1688 fraxineas
980 1670 986 1689 ι
1008 1660 1088 1697 legio
1105 1669 1166 1688 non
1185 1658 1284 1692 firma,
1302 1659 1475 1695 phalanges

689 1710 761 1738 Non
779 1710 906 1738 deerunt
921 1709 1025 1743 durae,
1043 1707 1176 1745 praefixa
1193 1713 1245 1736 aut
1263 1708 1370 1736 lancea
1387 1707 1472 1743 ferro,

685 1758 889 1787 Tormentum
908 1757 1050 1790 tonitrus,
1066 1767 1103 1786 ex
1119 1757 1207 1793 queis
1223 1757 1360 1793 explosia
1377 1757 1452 1786 dira.

689 1807 854 1836 Monckius
870 1806 936 1843 ipse
952 1806 1055 1841 aderit,
1074 1806 1165 1842 longe
1182 1805 1408 1834 invictissimus
1424 1806 1522 1841 heros,

690 1855 809 1884 Exsilio
827 1864 929 1891 regem
947 1854 973 1883 is
990 1859 1096 1891 gratus
1114 1854 1269 1883 revocavit
1286 1860 1454 1889 amantem,

690 1905 810 1934 Cuncta
827 1904 918 1932 trium
936 1913 969 1932 ac
986 1904 1115 1932 aderunt
1131 1903 1185 1932 tibi
1203 1912 1253 1931 rex
1269 1903 1395 1932 comitia
1412 1905 1552 1940 regnssm.

692 1954 775 1990 Ergo
791 1953 904 1981 invicte
920 1952 1020 1987 heros,
1038 1952 1148 1988 triplici
1166 1951 1305 1980 redimite
1322 1954 1439 1980 corona

687 2002 843 2040 Tempora
860 2011 956 2035 sacra,
974 2010 1077 2030 sacras
1096 2006 1200 2030 ternas
1216 2010 1337 2038 oppone
1353 2010 1485 2030 coronas

695 2052 793 2081 Veras
809 2050 1007 2088 huicttriplici
1025 2049 1130 2084 falsae,
1148 2052 1208 2086 qua
1224 2055 1364 2086 tempora
1380 2050 1479 2079 cincta

707 2126 738 2149 ¹2
752 2126 812 2148 Par.
826 2133 880 2148 xxV.
897 2132 920 2155 3,
934 2134 957 2154 4.
1229 2123 1239 2137 2⁷
1249 2124 1322 2147 Dent.
1337 2124 1393 2147 xvii.
1411 2125 1446 2151 18,
1462 2131 1498 2154 19,
1512 2131 1551 2148 20.

706 2167 804 2191 ³Icsai.
818 2167 875 2190 xlix.
891 2173 936 2196 23;
955 2167 1031 2198 Apoc.
1045 2166 1103 2190 xvii.
1120 2173 1156 2194 12,
1173 2173 1208 2195 13,
1225 2173 1261 2195 η,
1278 2172 1314 2195 15·
1329 2167 1364 2188 16.
