1883 2730
430 193 496 224 390

431 333 486 352 100

433 578 483 605 ¹05

434 822 486 840 110

433 1066 485 1093 ¹¹5

433 1312 485 1330 120

434 1555 486 1583 1²5

434 1802 487 1828 130

432 2047 484 2075 135

829 192 925 217 MUSA
950 193 1086 217 LATINA
1112 193 1390 217 ABERDONENSIS.

673 273 766 303 Parta
781 279 826 303 tot
843 274 971 311 hospitii
987 274 1095 303 officiis
1112 275 1180 303 laus
1196 274 1338 303 concidat
1353 283 1440 304 aevo.

672 323 755 351 Nam
774 323 944 352 Ptolemaei
961 324 1019 352 etsi
1038 324 1169 354 Devana
1184 324 1360 352 Abredonia
1377 324 1479 353 saeclo

672 372 763 400 Dicta
779 372 853 400 olim
870 371 952 410 (Dea
970 372 1057 401 Deva
1074 372 1170 410 velut)
1188 382 1220 401 se
1237 372 1321 401 mille
1337 381 1389 409 per
1404 381 1506 400 annos

672 421 931 459 Quingentosque
949 421 1074 450 stetisse
1091 421 1237 458 probarit,
1254 421 1338 450 mille
1354 430 1406 458 per
1422 430 1523 450 annos

671 470 930 508 Quingentosque
946 475 1050 498 tamen
1069 470 1186 499 maiora
1202 470 1284 498 haud
1301 479 1429 498 munera
1447 475 1539 498 nacta
1554 475 1610 499 est.

672 518 776 547 Huius
792 519 875 548 enim
893 519 944 548 ille
959 519 1036 548 alter
1051 525 1083 547 tu
1100 519 1256 548 conditor:
1281 524 1375 556 utque
1392 519 1545 548 Camillus

672 567 801 601 Romae,
818 568 861 596 sic
878 573 1002 597 nostrae
1018 577 1150 597 renovas
1167 567 1350 596 fundamina
1367 568 1450 597 sedis

672 617 784 652 Prima,
801 622 855 646 tuo
871 627 996 647 summo
1011 618 1065 647 tibi
1083 618 1272 655 suffragante
1290 618 1418 647 Senatu.

673 666 738 695 Nec
754 666 832 694 satis
848 666 916 700 hoc,
934 667 985 695 isti
1003 667 1056 695 sed
1072 667 1145 695 dum
1163 667 1318 704 praeludis
1333 667 1442 701 amori,

671 715 812 743 Illustres
827 715 886 744 huc
903 715 990 743 missi
1010 715 1139 752 Equites
1155 715 1198 743 sic
1215 724 1247 744 se
1262 724 1313 744 ore
1328 714 1462 745 ferentes

674 763 717 792 Ut
733 764 783 800 qui
802 773 863 792 non
881 764 952 792 ullis
968 770 1107 793 veterum
1125 764 1237 792 virtute
1254 764 1390 793 secundi.

672 812 795 841 Scilicet
812 812 860 840 his
877 813 992 850 placuit
1009 813 1090 841 bona
1107 813 1150 841 sic
1166 813 1329 842 concordia
1346 814 1483 851 (nostrae

673 861 803 889 Lemma
819 862 925 900 urbis),
943 862 1058 890 nostris
1074 862 1219 898 adscripti
1237 867 1269 890 ut
1284 862 1403 890 civibus
1419 871 1511 891 omen

675 910 814 939 Firment
832 910 892 938 iam
910 911 994 947 leges
1011 910 1143 939 satorum
1162 920 1298 947 poscere,
1315 916 1442 948 gentem

674 959 811 996 Utraque
829 964 861 988 ut
877 959 1025 996 auspiciis
1041 969 1120 996 gens
1136 959 1184 988 his
1200 960 1354 989 coalescat
1371 960 1400 988 in
1419 970 1522 989 unam.

672 1007 818 1044 Namque
835 1013 866 1036 ut
883 1017 942 1037 nos
957 1008 1071 1037 hilares
1088 1008 1187 1037 solida
1203 1008 1281 1037 inter
1297 1009 1410 1045 gaudia
1427 1014 1534 1038 noctes

672 1056 847 1093 Egerimus,
865 1062 962 1085 testes
977 1062 1081 1085 vestro
1097 1057 1155 1085 hoc
1171 1057 1304 1086 clamore
1321 1058 1457 1087 secundo

670 1107 757 1143 Quae
774 1105 934 1140 fremuere,
951 1106 1028 1139 viae,
1045 1106 1264 1144 B0nd[c]cord‚
1282 1107 1457 1136 Abredonia
1473 1107 1573 1141 testis,

671 1154 784 1183 ‘restes
800 1160 845 1184 tot
861 1155 992 1184 choreae
1010 1155 1124 1183 Bacchi
1142 1155 1222 1184 inter
1238 1155 1346 1192 pocula
1364 1156 1452 1184 laeta.

713 1203 815 1232 Macte
832 1203 928 1232 animi
948 1204 1098 1233 Solomon
1114 1204 1208 1233 alter:
1233 1214 1327 1241 quam
1345 1205 1449 1242 prodis
1465 1213 1603 1233 amorem

670 1252 719 1280 'l'u
736 1253 831 1281 lectos
847 1252 999 1281 mittendo
1014 1253 1134 1289 equites
1150 1253 1315 1289 Aquilonis
1330 1254 1368 1282 ad
1384 1263 1464 1289 oras,

670 1300 749 1329 Tam
767 1301 830 1330 vim
848 1301 949 1330 iudicii
966 1306 995 1330 et
1013 1301 1128 1330 mentis
1145 1302 1258 1338 regalis
1273 1302 1408 1331 honores

671 1350 905 1379 Accumulando
922 1350 1000 1384 istis,
1017 1359 1096 1387 quos
1113 1355 1230 1379 tractus
1246 1351 1375 1379 nubium
1393 1351 1423 1379 in
1440 1351 1520 1380 altos

673 1399 785 1428 Evehit
803 1399 957 1428 incoctum
975 1408 1128 1435 generoso
1146 1405 1254 1436 pectus
1270 1400 1413 1429 honesto.

672 1448 758 1477 Haec
773 1448 884 1484 Aglaia
901 1459 908 1477 z
932 1457 1036 1484 preces
1053 1458 1145 1485 super
1160 1448 1244 1477 addit
1260 1449 1357 1485 tertia,
1375 1458 1462 1477 curru

673 1498 737 1525 Iam
755 1496 902 1534 fugiente,
919 1497 1136 1534 dies,namque
1154 1497 1322 1526 inclinabat
1341 1497 1417 1526 Iberi

674 1546 816 1582 Gurgitis
831 1547 869 1574 ad
887 1551 1006 1580 metas;
1027 1546 1125 1574 oculis
1142 1551 1246 1575 tamen
1263 1546 1314 1574 illa
1331 1551 1462 1583 sequuta

674 1595 770 1632 (Dum
789 1595 885 1632 licuit)
902 1604 1034 1629 currum,
1052 1595 1243 1632 cupidaeque
1259 1594 1396 1624 faventia
1413 1594 1508 1623 menti

676 1643 816 1681 Longius
832 1649 959 1672 assueto
975 1644 1142 1672 cernebant
1159 1643 1288 1678 lumina,
1305 1648 1378 1672 vota
1394 1643 1469 1672 haec

674 1694 756 1722 Dum
773 1693 913 1730 geminat
929 1693 1088 1730 tenditque
1105 1703 1217 1722 manus
1233 1702 1303 1722 cum
1319 1702 1393 1722 voce
1410 1693 1553 1730 supinas:

711 1743 776 1771 Vos
792 1752 873 1776 arva,
891 1748 982 1779 atque
999 1747 1102 1771 metus
1118 1742 1192 1770 1111111
1210 1742 1334 1770 conscia
1350 1741 1488 1776 flumina,
1507 1742 1569 1777 regi

674 1791 706 1821 Si
723 1801 782 1828 qua
801 1792 935 1820 secunda
952 1800 1030 1825 meo,
1048 1796 1168 1819 vestros
1185 1790 1228 1819 sic
1245 1800 1342 1827 usque
1358 1791 1486 1819 colonos

673 1841 811 1878 Sospitet
827 1841 909 1869 alma
926 1841 1028 1876 Ceres,
1046 1841 1205 1877 undasque
1222 1841 1374 1869 recludere
1390 1840 1496 1869 dulces

671 1890 721 1919 Sic
736 1896 849 1919 aveant
868 1890 1043 1926 Nymphae,
1062 1889 1160 1918 nitido
1176 1899 1210 1918 ac
1227 1894 1394 1925 argenteus
1410 1898 1461 1917 ore

673 1939 756 1968 Fons
773 1939 872 1973 saliat,
889 1939 980 1967 vivus
996 1938 1204 1974 scatebrisque
1220 1938 1407 1975 perennibus
1422 1943 1541 1966 auctus.

671 1988 801 2017 Finibus
819 1988 1006 2016 incolumem
1024 1987 1105 2015 1111110
1121 1986 1300 2015 'l'amesinis
1317 1986 1431 2015 reddite
1448 1986 1533 2023 regni

674 2037 809 2066 Delicias
825 2037 953 2073 triplicis
967 2047 974 2071 3
996 2036 1117 2074 Quibus
1133 2045 1171 2064 an
1189 2036 1261 2072 quid
1279 2035 1380 2063 maius
1396 2036 1435 2063 ab
1451 2044 1520 2064 arce

673 2087 725 2115 Sol
743 2086 826 2114 videt
843 2086 994 2119 aetherea,
1011 2085 1131 2121 gremio
1146 2085 1194 2113 vel
1211 2084 1340 2113 daedala
1357 2084 1450 2112 tellus

671 2135 815 2171 Concipit
832 2134 948 2163 Oceani
965 2133 1069 2162 relluis
1085 2143 1145 2170 qua
1161 2133 1295 2169 cingitur
1312 2132 1425 2161 undis?
