1903 2724
596 200 692 233 JonN
720 200 926 234 JOIINSTON.
1383 206 1432 237 131

324 280 413 309 Plura
430 281 516 310 dolor
532 281 673 318 prohibet
690 291 738 310 rnc
755 281 853 310 dicere
871 282 957 319 plura
974 283 1140 318 volentem,

362 331 495 359 Vulnere
512 331 592 359 victa
608 336 662 359 tuo
677 336 724 359 est
742 340 830 359 mens
848 340 926 364 inea,
945 331 1060 367 lingua,
1081 342 1201 361 inanuS.

325 379 363 407 lit
381 379 461 407 vieto
477 384 506 408 et
523 385 610 408 muto
627 380 675 408 vix
693 379 738 407 fas
756 379 866 408 mutire
883 380 1030 416 pusillum
1048 381 1115 416 hoc,

84 437 116 455 ro
364 428 452 457 Heul
477 428 554 457 heu!
579 429 622 457 sic
639 429 729 457 nobis
746 438 820 465 ergo
837 429 989 457 dolendus
1006 429 1084 458 abis.

742 500 781 528 II.

320 565 449 594 Caelum
468 565 601 594 intrante
620 565 718 602 Nigro
735 566 826 595 tellus
843 566 914 594 nive
929 566 1061 594 candida
1079 566 1165 599 ridet,

361 614 482 653 Quippe
500 614 576 642 nihil
595 614 683 651 Nigri
701 620 822 651 pectore
839 615 1012 644 candidius.

321 664 481 702 Quantum
500 673 613 693 nornen
629 665 718 693 abest
735 664 825 693 niveo
841 675 859 692 a
875 665 1009 693 candore
1027 665 1154 701 Nigelli,

365 713 492 742 Pectora
508 713 534 741 ei
551 718 639 742 tanto
654 713 833 742 candidiora
851 713 931 742 nive.

732 783 791 812 III.

82 860 113 888 15
323 850 397 879 Post
414 852 515 879 varias
531 850 612 878 vitae
629 859 796 878 aerumnas
813 850 968 888 durosque
991 851 1111 880 labores

363 899 509 928 Blackius
526 899 674 928 invictam
693 899 788 928 mittit
807 899 836 928 in
853 905 936 928 astra
953 900 1102 928 animam.

323 949 387 978 Nec
404 958 499 984 mora,
518 958 573 977 nec
590 948 698 976 mortis
715 958 843 977 sensum
861 949 919 977 sub
936 954 1033 978 morte
1051 949 1152 978 videre
1169 956 1235 985 est3

361 998 528 1026 'l'ransitus
543 998 582 1026 ad
599 997 706 1033 vitain,
724 1007 807 1026 mors
824 1008 859 1027 ea
876 998 962 1027 nulla
978 997 1044 1028 fuit.

322 1047 445 1076 Scilicet
465 1047 494 1075 in
512 1047 575 1075 vita
592 1047 701 1075 mortis
718 1047 775 1076 hoc
793 1057 906 1084 passus
922 1057 1048 1076 amarus
1064 1048 1106 1086 (?)

77 1107 114 1127 20
362 1097 517 1125 Debuerat
534 1095 672 1124 moriens
689 1096 798 1125 mortis
814 1097 921 1125 acerba
939 1097 1021 1134 pati:

323 1146 425 1174 Felix!
449 1145 492 1173 sic
509 1145 611 1174 subito
628 1145 726 1182 pulsis
742 1155 812 1174 curn
830 1151 920 1175 nocte
936 1146 1081 1181 tenebris,

364 1196 408 1225 Ut
425 1205 502 1232 quae
519 1205 581 1224 nox
596 1195 676 1230 aliis,
695 1195 746 1224 lux
763 1195 838 1225 foret
856 1195 908 1224 illa
925 1195 994 1224 sibi.

146 1267 262 1290 Minister
274 1266 304 1289 of
313 1267 350 1290 St.
365 1265 488 1289 Andrews
499 1265 550 1289 and
562 1266 685 1294 Arbirlot;
705 1265 762 1289 died
775 1265 804 1289 of
818 1266 962 1296 apoplecuc
981 1266 1066 1289 stroke
1085 1267 1109 1289 in
1123 1271 1163 1290 act
1181 1267 1210 1290 of
1225 1267 1374 1298 dispensing
1393 1269 1436 1292 the

79 1309 242 1333 communion
269 1308 356 1339 (Delie.
377 1309 444 1331 I'oct.
464 1308 531 1331 δῖοί.
555 1307 579 1332 ii.
604 1309 692 1337 51-542
720 1307 800 1330 David
827 1307 935 1330 Huine's
959 1307 1040 1331 Lusus
1064 1307 1168 1336 poetici,
1189 1317 1231 1340 pp.
1252 1311 1345 1340 53-55),
1390 1312 1438 1334 See

81 1351 186 1377 Bunon,
201 1349 317 1381 History,
330 1358 354 1373 ν.
368 1357 422 1379 300.
440 1356 495 1379 309.

145 1399 180 1415 11.
201 1392 248 1414 For
267 1391 310 1414 the
327 1390 434 1418 conceit,
453 1398 494 1414 see
515 1390 616 1417 Milton,
636 1390 723 1421 Hymn
741 1392 764 1412 lo
784 1389 914 1420 Nativity.
935 1397 1007 1420 32·⁴4
1027 1389 1053 1420 (i.
1073 1390 1123 1420 ii.);
1149 1390 1198 1414 add
1216 1391 1281 1414 lines
1299 1398 1332 1415 on
1350 1392 1438 1422 James·

79 1433 194 1464 Lindsay
206 1433 235 1456 os
244 1433 286 1456 the
301 1433 385 1463 Byres,
399 1432 431 1462 by
444 1432 581 1462 Johnston,
600 1431 703 1460 Herm-s,
721 1439 744 1462 p.
759 1438 797 1461 53.

444 1574 577 1605 XXXI.
606 1574 857 1605 IOHANNES
883 1574 1076 1606 DURIVS.

145 1651 348 1683 Edinburgensis
367 1651 498 1675 Ecclesiae
519 1652 627 1682 primurn
647 1652 746 1679 Pastor,
766 1650 859 1674 deinde
879 1651 1037 1674 Celurcanae
1060 1651 1085 1674 in
1112 1652 1202 1675 Monte
1229 1652 1362 1680 Rosarum,
1379 1653 1441 1676 obiit

81 1693 160 1724 pridie
175 1693 269 1723 Martij.
286 1693 362 1716 Anno
378 1693 447 1716 1600.

753 1750 775 1778 Ι.

327 1816 462 1844 Exilium
481 1816 510 1844 in
528 1816 626 1853 patria
643 1825 756 1853 passus
772 1817 834 1854 (res
851 1816 928 1845 mira
946 1817 985 1845 sit
1002 1817 1059 1846 ista
1069 1818 1087 1855 Ι)

366 1865 437 1893 Non
455 1866 536 1894 dolet
552 1865 689 1899 exilium,
705 1870 737 1894 at
757 1866 856 1903 patria
872 1866 986 1894 damna
1004 1866 1116 1903 magis.

325 1914 439 1942 Omnia
456 1914 648 1951 prospiciens
664 1920 743 1943 retro
759 1915 910 1952 sublapsa
927 1915 1040 1949 referri,

369 1963 462 1997 Urbe,
480 1963 559 1998 aula,
576 1963 702 1998 invidia,
720 1964 830 1992 maluit
846 1973 915 1993 esse
932 1965 1048 2001 procul.

82 2022 98 2050 5
327 2011 427 2040 Exilio
444 2012 562 2040 invenit
578 2012 709 2049 patriam
727 2013 943 2050 placidamque
959 2013 1107 2050 quietem,

367 2061 448 2089 Nam
466 2061 595 2098 profugo
611 2062 753 2099 utrinque
770 2062 828 2091 hoc
845 2062 972 2099 pulchra
989 2062 1117 2090 Celurca
1134 2062 1236 2095 dedit;

327 2110 470 2138 Reddidit
487 2110 558 2139 huic
573 2110 682 2144 vitam,
698 2110 780 2139 vitae
796 2116 1013 2147 extremosque
1030 2111 1159 2145 labores,

368 2159 559 2197 Funeraque.
605 2160 665 2188 His
682 2160 783 2189 maius
800 2161 923 2189 reddere
941 2159 1012 2196 quid
1031 2159 1153 2196 potuit?
