1903 2724
574 203 726 227 TiloMAs
753 205 955 230 1›1-:Ml¹s'1'1‹21<.

334 283 470 320 Regibus
487 283 663 320 exemplum
678 293 684 317 ;
709 284 891 313 Austriacus
907 287 979 322 quid
998 288 1027 315 in
1044 298 1174 324 aequore
1193 290 1333 327 princeps

92 342 143 370 105
333 332 496 370 Naupacti,
513 342 600 361 cruce
618 333 754 369 praelata
771 339 799 362 et
815 335 1001 364 caelestibus
1017 337 1122 371 armis,

332 382 481 416 Gesserst,
501 382 614 418 insigni
632 388 740 418 coepto
760 383 939 412 Mahomete
957 386 1098 419 subacto,

333 432 486 467 Egregius
504 432 629 460 Phoebo
645 436 675 460 et
692 432 790 469 patrio
807 442 949 462 sermone
966 435 1106 464 recludis.

333 481 414 517 Ergo
430 481 520 518 agite,
539 486 631 517 atque
648 481 699 508 uni
719 482 824 518 reliqui
842 483 1000 511 concedite
1018 494 1106 519 reges

332 531 498 559 Doctrinae
513 536 543 559 et
559 529 661 558 famae
678 530 780 559 studio
797 536 826 559 et
844 531 984 560 felicibus
1000 535 1085 562 actis.

90 590 142 607 rro
329 579 466 615 Magnus
483 579 666 613 Alexander,
684 579 788 615 fateor,
805 581 947 615 gestabat
968 582 1139 611 Homerum

332 629 366 656 In
385 629 504 657 medias
520 628 611 663 acies,
631 628 760 657 Panaeti
777 629 874 666 gloria
891 639 1007 667 magno

330 678 439 706 Inclita
458 678 608 715 Pompeio
625 683 682 712 est,
699 679 833 707 aeternis
852 679 950 708 Iulius
967 681 1053 709 ausis

328 727 468 756 Sacravit
486 727 612 756 Domini
631 727 746 760 titulo&
763 727 951 765 Thebasque
969 730 1095 759 redemit

327 777 460 805 Servitio
477 776 584 804 infami
602 777 718 812 ductor,
735 786 788 806 sex
806 777 901 806 lustra
921 779 1097 816 Sophorum

87 835 139 863 115
327 826 501 854 Decurrens
517 826 618 854 stadio
632 835 636 854 :
662 826 714 854 sed
731 831 760 855 et
777 826 834 855 hos
850 836 1035 864 componere
1052 835 1152 858 vestro

329 875 399 903 Non
417 874 518 903 ausim
536 875 666 910 merito;
689 875 787 904 maior
802 880 856 903 tua
872 876 980 912 gloria,
999 877 1150 915 princeps.

329 924 422 952 Hune
439 933 550 960 nempe
566 924 699 953 ebrietas
715 924 855 961 odiisque
872 926 1014 962 superbia
1032 927 1123 955 iustis

328 973 473 1007 Infamat,
489 973 634 1009 caesique
650 974 763 1007 duces;
789 973 928 1010 privatus
945 980 974 1003 et
992 975 1034 1004 illi

325 1023 430 1061 Ortus,
447 1027 476 1051 et
493 1022 695 1051 immodicum
713 1023 852 1051 studium
871 1024 1072 1061 popularibus
1088 1027 1171 1055 auris

86 1083 140 1101 120
327 1072 448 1109 Impelli
467 1072 628 1109 prohibent
646 1072 752 1101 laudes
769 1082 901 1109 aequare
923 1073 1036 1104 Iacobi.

326 1121 410 1150 Alter
425 1121 550 1150 calvitio
566 1120 715 1157 foedaque
732 1121 857 1150 libidine
873 1123 981 1160 turpis,

325 1171 454 1199 Civibus
469 1175 499 1199 et
515 1170 614 1199 caesis
631 1170 799 1199 damnatus
816 1180 891 1200 voce
909 1172 1054 1202 Senatus.

325 1220 385 1248 Hic
402 1229 493 1257 saepe
510 1219 639 1256 imperio
655 1225 767 1248 exutus
785 1220 826 1248 nil
845 1221 946 1249 nobile
964 1222 1095 1259 scripsit,

325 1269 452 1306 Propter
467 1270 548 1306 quod
564 1268 668 1305 cupiat
685 1268 798 1297 famam
817 1279 940 1306 sperare
957 1277 1118 1308 nepotum.

84 1327 136 1356 1²5
323 1318 437 1347 Verum
454 1318 653 1347 commendat
670 1318 751 1347 vitae
768 1323 797 1347 te
814 1319 935 1347 sobrius
952 1330 1036 1356 usus,

323 1367 506 1404 Affatusque
523 1367 666 1402 humiles,
684 1372 713 1396 et
731 1377 784 1405 spe
801 1367 966 1397 clementia
983 1371 1090 1406 maior,

324 1417 592 1453 Contemptusque
609 1425 701 1445 aurae
718 1417 886 1454 popularis,
905 1418 1007 1455 regius
1023 1425 1119 1456 ortus,

324 1465 430 1494 Carior
446 1470 476 1494 et
493 1465 614 1502 propria
630 1475 790 1502 procerum
807 1466 862 1494 tibi
879 1467 943 1495 vita
959 1473 1093 1503 tuorum,

323 1513 349 1542 Α
365 1513 454 1542 cunis
470 1519 592 1550 gestata
608 1523 703 1542 manu
720 1519 749 1542 et
766 1513 864 1543 felicia
882 1520 1012 1552 sceptra.

83 1573 137 1601 130
323 1564 389 1592 Nec
406 1563 511 1592 minus
528 1563 655 1592 infamis
671 1564 801 1593 Veneris
817 1565 922 1601 procul
939 1571 1008 1594 acta
1025 1567 1118 1597 libido

322 1612 367 1642 Te
384 1618 526 1641 sanctum
543 1618 573 1641 et
590 1622 700 1649 purum
718 1613 862 1650 loquitur,
879 1624 941 1642 non
959 1615 1137 1646 ullalcubile

323 1663 454 1691 Femina
469 1663 659 1697 conscendit,
677 1663 735 1692 nisi
753 1674 832 1700 quae
847 1664 1013 1693 coniuncta
1031 1665 1125 1703 iugali

323 1712 400 1749 Igne
416 1712 469 1740 tibi
486 1717 552 1746 est3
574 1712 632 1741 etsi
650 1713 783 1741 multum
800 1713 938 1742 formosa
955 1714 1106 1744 Britanna

321 1761 457 1798 Aspectu
476 1761 586 1790 invitet
603 1762 728 1797 blando,
745 1767 774 1791 te
790 1763 888 1792 vitrea
905 1763 991 1793 Circe

83 1818 135 1847 ¹35
323 1810 493 1847 Nunquam
510 1811 710 1847 expugnavit,
728 1821 790 1840 non
807 1811 905 1841 forma
923 1820 1055 1842 venusta
1073 1815 1240 1852 Calypsus,

321 1859 455 1887 Cantata
471 1864 524 1887 aut
542 1859 625 1890 Lais.
669 1860 725 1889 Vis
741 1860 890 1890 inviolata
907 1864 1022 1899 pudore

322 1908 443 1937 Intacto
459 1913 591 1944 constat,
609 1918 702 1945 quare
718 1910 794 1939 haec
809 1911 863 1939 tibi
879 1912 976 1948 gloria
993 1913 1049 1941 soli
1066 1918 1122 1948 est,

321 1956 483 1993 Augustos
499 1967 643 1987 servasse
659 1964 743 1987 toros
759 1970 776 1988 a
794 1960 861 1989 labe
877 1962 1032 1997 pudenda.

321 2005 428 2042 Aequa
444 2006 506 2035 tuis
523 2006 586 2035 sint
602 2006 674 2042 fata,
692 2017 805 2044 precor,
823 2010 937 2046 regalia
953 2011 1045 2045 votis,

82 2065 136 2090 140
322 2055 363 2083 Et
378 2060 466 2084 tenor
482 2055 623 2092 inceptus
641 2056 751 2094 longos
768 2059 909 2094 perduret
926 2059 955 2087 in
973 2069 1083 2094 annos,

323 2103 430 2141 Sitque
446 2104 530 2133 dorni
546 2105 600 2133 tibi
618 2110 684 2134 tuta
701 2106 785 2142 fides,
803 2108 973 2144 meritoque
988 2113 1111 2137 tuorum

322 2154 520 2182 Indubitatus
537 2164 624 2184 amor
640 2157 820 2193 peregrinos
836 2162 946 2186 terreat
963 2159 1079 2187 hostes
