1883 2730
447 457 480 486 25

449 703 486 730 30

444 947 478 975 35

444 1193 482 1217 40

446 1438 461 1462 ’ἰ
468 1436 482 1463 5

446 1925 480 1951 55

842 172 866 194 Μ
872 171 936 195 USA
962 170 1098 195 LATINA
1124 171 1145 194 A
1153 170 1192 193 RF,
1198 170 1228 193 1<l
1236 169 1292 193 ›ON
1298 169 1403 192 Exsls.

689 252 789 287 Haud,
807 253 918 281 servile
935 253 1018 281 velut
1035 261 1136 289 pecus,
1155 252 1231 279 haec
1247 250 1387 286 exempla
1404 254 1564 285 sequutus,

689 301 748 330 Sed
765 312 824 336 me,
841 301 953 338 quippe
971 301 1046 330 fides
1063 300 1176 330 teneris
1192 299 1239 328 cui
1257 298 1352 327 crevit
1368 299 1406 326 ab
1423 297 1514 326 annis

686 350 766 379 Viva
782 349 925 386 feraxque
941 359 1079 386 operum,
1096 357 1226 386 quorum
1244 347 1366 376 laudem
1385 356 1482 383 usque
1496 346 1639 375 studebat

690 400 732 428 Ut
750 409 886 436 premere
903 399 974 427 hinc
992 398 1113 430 salsam,
1131 397 1173 426 sic
1190 397 1253 425 vita
1269 395 1342 424 hinc
1359 405 1496 432 promere
1512 404 1625 424 veram.

690 448 729 476 Et
745 448 816 484 quia
833 448 917 475 nulla
934 447 1052 479 Venus,
1071 446 1145 474 nulli
1163 446 1244 473 hunc
1263 444 1371 473 flexere
1391 443 1578 481 Hymenaei,

690 497 795 533 Perge,
813 506 878 532 age,
895 501 924 524 et
941 496 978 524 ad
996 500 1120 523 nostros
1136 499 1167 522 tu
1185 494 1256 522 diva
1271 493 1402 521 admitte
1419 498 1548 529 penates

688 545 870 581 Virginitas,
889 545 942 572 tibi
960 550 1066 572 tantus
1084 544 1192 577 honos,
1211 543 1264 570 tibi
1283 542 1405 570 debitus
1422 542 1483 570 uni.

689 595 785 623 Istinc
804 595 996 630 Simplicitas
1013 592 1161 620 submissi
1179 591 1322 628 pectoris,
1341 591 1431 620 istinc

688 643 845 671 Sobrietas
862 642 996 670 famulae
1013 642 1166 675 incedant,
1183 641 1374 677 comitesque
1392 641 1528 677 pudicae,

692 693 867 728 Nostroquc
883 691 1032 727 auspiciis
1050 691 1198 718 inolescat
1214 698 1339 726 corpore
1355 689 1476 717 vestris.

730 741 780 769 Sic
796 741 848 772 ait,
866 741 915 767 illa
933 740 1061 775 gradum
1081 744 1231 776 properat,
1250 738 1427 774 foribusque
1444 738 1572 766 reclusis

692 790 811 826 Excipit
828 795 994 823 augustam
1012 789 1092 816 hanc
1109 788 1256 816 animam.
1305 787 1387 815 Dum
1406 787 1504 816 sidera
1522 787 1625 823 signat

689 840 752 866 Iam
771 839 906 875 propius,
925 838 1094 875 primisque
1111 837 1192 865 viam
1212 838 1269 865 sub
1286 836 1449 865 moenibus
1465 836 1560 864 altam

687 887 814 924 (Lactca
833 896 944 915 nomen
963 887 1066 923 habet)
1085 886 1220 920 miratur,
1238 895 1376 922 aquosus
1392 885 1486 913 Orion

689 938 725 964 Et
741 936 844 964 tristes
862 937 977 964 latuere
997 936 1143 972 Hyades;
1166 941 1195 963 te
1212 935 1346 963 maxime
1364 934 1487 967 Pers-eu,

688 984 731 1013 Te
749 990 860 1021 Stupet,
879 985 1022 1019 Erigone,
1040 990 1130 1020 teque
1146 989 1175 1012 et
1193 990 1245 1011 tua
1264 984 1400 1019 plaustra
1419 983 1524 1012 Bootc.

690 1034 770 1062 llinc
787 1039 815 1062 te
833 1034 993 1070 Ophiuche
1011 1039 1134 1067 notans,
1151 1038 1244 1069 utque
1261 1033 1366 1060 ardeat
1384 1032 1434 1060 illa
1451 1033 1572 1060 Corona

686 1083 823 1111 Gnossia
841 1092 919 1119 quae
937 1083 1034 1111 stellis
1051 1088 1169 1118 septem
1189 1082 1305 1110 variata
1322 1081 1460 1117 refulget.

688 1133 982 1168 Andromedamque
999 1132 1093 1160 astris
1110 1132 1257 1160 insertam
1275 1140 1403 1159 munere
1420 1140 1524 1159 sacrae

689 1182 832 1215 Palladis,
850 1190 885 1209 ac
902 1183 994 1217 prope
1012 1181 1140 1209 Medeae
1157 1182 1250 1217 prope
1267 1180 1365 1208 sidera
1382 1179 1497 1216 Cephei

687 1231 890 1267 Cassiopeam
909 1240 982 1258 auro
999 1231 1181 1263 radiantem,
1199 1239 1235 1258 ex
1251 1229 1357 1258 ordine
1374 1229 1481 1257 stellas

688 1279 827 1316 Adspicit
846 1279 916 1308 hinc
934 1279 1076 1316 reliquas,
1093 1279 1257 1314 studioque
1274 1278 1413 1314 indulget
1430 1277 1583 1313 utrinque,

687 1329 820 1357 Assueta
838 1329 867 1356 in
884 1329 985 1356 varias
1001 1329 1119 1356 classes
1135 1329 1207 1356 dum
1225 1327 1334 1363 digerit
1347 1331 1420 1354 arte.

727 1378 765 1405 At
782 1378 873 1406 simul
892 1378 971 1406 lianc
988 1377 1063 1405 fovit
1079 1376 1197 1413 gremio
1214 1375 1414 1404 sanctissima
1430 1375 1500 1403 diva

690 1426 871 1462 Virginitas,
890 1426 999 1462 premit
1017 1426 1188 1462 amplexus,
1206 1425 1317 1462 premit
1333 1424 1450 1457 oscula,
1468 1432 1542 1460 pura

687 1476 811 1509 Oscula,
831 1485 885 1504 nec
903 1475 1008 1503 foedas
1024 1474 1119 1503 animi
1137 1474 1315 1503 exhalantia
1332 1473 1448 1502 sordes.

691 1524 818 1560 Iamque
835 1534 937 1552 morae
955 1524 1122 1560 impatiens
1139 1523 1218 1551 ultro
1236 1523 1302 1551 Dea
1319 1522 1434 1550 talibus
1450 1520 1536 1549 infit:

687 1573 712 1600 O
730 1573 860 1600 nimium
878 1573 987 1601 dilecte
1005 1582 1107 1605 senex,
1125 1577 1194 1600 tene
1211 1581 1308 1608 usque
1323 1571 1400 1600 tueri

690 1621 754 1648 lam
772 1623 872 1655 datur,
889 1627 918 1650 et
935 1627 1039 1649 castas
1055 1621 1160 1649 audire
1176 1626 1205 1649 et
1222 1621 1346 1648 reddere
1362 1628 1454 1648 voces
1470 1618 1480 1646 Ρ

689 1670 744 1698 Cui
764 1679 824 1698 non
843 1671 1004 1698 verborum
1023 1670 1185 1706 phalerae;
1211 1679 1272 1697 non
1290 1667 1404 1696 lubrica
1420 1667 1502 1696 cerni

690 1719 833 1753 Lumina,
851 1729 911 1747 non
930 1719 1046 1746 sobolis
1063 1728 1134 1755 spes
1151 1719 1211 1746 ulla
1229 1718 1342 1746 incerta
1359 1716 1479 1745 futurae

688 1768 832 1796 Avertere
850 1767 916 1804 pios
934 1773 1039 1796 nostro
1055 1768 1092 1795 de
1108 1766 1231 1795 tramite
1247 1775 1383 1801 gressus.

688 1817 744 1845 Cui
762 1817 859 1845 virtus
877 1817 1006 1853 pretium
1025 1816 1092 1852 ipsa
1109 1815 1165 1844 sibi
1183 1815 1250 1844 sine
1266 1816 1336 1843 dote
1353 1814 1494 1851 petitum.

689 1867 769 1901 Ergo
785 1867 868 1900 ades,
886 1875 903 1893 a
919 1865 1002 1893 vitiis
1019 1869 1154 1893 secretae
1171 1864 1306 1900 praemia
1323 1864 1436 1891 mentis

687 1915 906 1951 Accensaeque
922 1914 965 1942 tui
984 1913 1048 1942 sola
1065 1913 1102 1941 de
1119 1913 1260 1949 lampade
1277 1912 1391 1940 Christi

687 1963 817 1999 Accipe;
842 1962 926 1997 vulgi
942 1962 1057 1991 etenim
1076 1962 1118 1990 sic
1136 1971 1228 1998 supra
1245 1970 1407 1997 assurgere
1424 1969 1536 1989 sensus

686 2014 787 2050 Quam
806 2012 873 2039 laus
890 2021 954 2039 rara
972 2011 1082 2046 magis,
1099 2015 1163 2038 tam
1181 2011 1248 2038 laus
1265 2019 1356 2045 mage
1373 2009 1449 2037 mira
1466 2008 1603 2046 putanda
1620 2013 1674 2037 est.

728 2061 863 2095 Dixerat,
880 2065 908 2088 et
924 2060 1070 2088 comitem
1088 2059 1308 2095 complectens,
1327 2058 1433 2086 limina
1451 2057 1547 2094 prima

685 2110 776 2137 Arcta
793 2109 893 2145 intrat,
911 2118 990 2146 quae
1009 2107 1200 2145 Simplicitas
1217 2106 1409 2144 patefecerat,
1427 2111 1458 2134 at
1471 2115 1542 2134 mox
