<?xml version="1.0" encoding="UTF-8"?>
<!DOCTYPE html PUBLIC "-//W3C//DTD XHTML 1.0 Transitional//EN"
    "http://www.w3.org/TR/xhtml1/DTD/xhtml1-transitional.dtd">
<html xmlns="http://www.w3.org/1999/xhtml" xml:lang="en" lang="en">
 <head>
  <title>
</title>
<meta http-equiv="Content-Type" content="text/html;charset=utf-8" />
  <meta name='ocr-system' content='tesseract 3.04.00' />
  <meta name='ocr-capabilities' content='ocr_page ocr_carea ocr_par ocr_line ocrx_word'/>
</head>
<body>
  <div class='ocr_page' id='page_1' title='image "./musalatinaaberdo03gedduoft_0163.png"; bbox 0 0 1903 2724; ppageno 0'>
   <div class='ocr_carea' id='block_1_1' title="bbox 598 228 1439 259">
    <p class='ocr_par' dir='ltr' id='par_1_1' title="bbox 598 228 1439 259">
     <span class='ocr_line' id='line_1_1' title="bbox 598 228 1439 259; baseline 0 -7"><span class='ocrx_word' id='word_1_1' title='bbox 598 228 695 259; x_wconf 81' lang='lat' dir='ltr'>JOHN</span> <span class='ocrx_word' id='word_1_2' title='bbox 721 228 926 259; x_wconf 77' lang='lat' dir='ltr'>JOIINSTON.</span> <span class='ocrx_word' id='word_1_3' title='bbox 1387 231 1439 253; x_wconf 64' lang='grc' dir='ltr'>ιρι</span> 
     </span>
    </p>
   </div>
   <div class='ocr_carea' id='block_1_2' title="bbox 101 307 1156 491">
    <p class='ocr_par' dir='ltr' id='par_1_2' title="bbox 101 307 1156 491">
     <span class='ocr_line' id='line_1_2' title="bbox 101 307 1149 345; baseline 0 -10"><span class='ocrx_word' id='word_1_4' title='bbox 101 315 117 345; x_wconf 86' lang='grc'><em>5</em></span> <span class='ocrx_word' id='word_1_5' title='bbox 329 307 379 337; x_wconf 86' lang='lat' dir='ltr'>Me</span> <span class='ocrx_word' id='word_1_6' title='bbox 396 307 474 345; x_wconf 84' lang='lat' dir='ltr'>rapit</span> <span class='ocrx_word' id='word_1_7' title='bbox 490 308 565 337; x_wconf 79' lang='lat' dir='ltr'>haee</span> <span class='ocrx_word' id='word_1_8' title='bbox 582 308 690 337; x_wconf 89' lang='lat' dir='ltr'>eadem</span> <span class='ocrx_word' id='word_1_9' title='bbox 707 312 888 344; x_wconf 72' lang='lat' dir='ltr'>tempestas.</span> <span class='ocrx_word' id='word_1_10' title='bbox 937 307 1029 335; x_wconf 85' lang='lat' dir='ltr'>Nulla</span> <span class='ocrx_word' id='word_1_11' title='bbox 1048 308 1149 344; x_wconf 87' lang='lat' dir='ltr'>pericli</span> 
     </span>
     <span class='ocr_line' id='line_1_3' title="bbox 367 356 926 391; baseline -0.004 -5"><span class='ocrx_word' id='word_1_12' title='bbox 367 357 417 386; x_wconf 89' lang='lat' dir='ltr'>Me</span> <span class='ocrx_word' id='word_1_13' title='bbox 433 362 523 386; x_wconf 88' lang='lat' dir='ltr'>terret</span> <span class='ocrx_word' id='word_1_14' title='bbox 541 356 646 391; x_wconf 81' lang='lat' dir='ltr'>facies,</span> <span class='ocrx_word' id='word_1_15' title='bbox 663 361 716 385; x_wconf 86' lang='lat' dir='ltr'>aut</span> <span class='ocrx_word' id='word_1_16' title='bbox 733 357 818 385; x_wconf 84' lang='lat' dir='ltr'>labor</span> <span class='ocrx_word' id='word_1_17' title='bbox 833 356 926 385; x_wconf 83' lang='lat' dir='ltr'>exilii.</span> 
     </span>
     <span class='ocr_line' id='line_1_4' title="bbox 322 405 1156 443; baseline -0.001 -9"><span class='ocrx_word' id='word_1_18' title='bbox 322 405 427 435; x_wconf 83' lang='lat' dir='ltr'>Testis</span> <span class='ocrx_word' id='word_1_19' title='bbox 446 406 541 443; x_wconf 76' lang='lat' dir='ltr'>Belga</span> <span class='ocrx_word' id='word_1_20' title='bbox 563 406 648 439; x_wconf 81' lang='lat' dir='ltr'>mihi,</span> <span class='ocrx_word' id='word_1_21' title='bbox 665 406 754 434; x_wconf 85' lang='lat' dir='ltr'>testis</span> <span class='ocrx_word' id='word_1_22' title='bbox 771 406 959 439; x_wconf 82' lang='lat' dir='ltr'>Germanus,</span> <span class='ocrx_word' id='word_1_23' title='bbox 977 410 1007 434; x_wconf 87' lang='lat' dir='ltr'>et</span> <span class='ocrx_word' id='word_1_24' title='bbox 1026 405 1156 441; x_wconf 68' lang='lat' dir='ltr'>Anglus.</span> 
     </span>
     <span class='ocr_line' id='line_1_5' title="bbox 366 454 1130 491; baseline -0.003 -8"><span class='ocrx_word' id='word_1_25' title='bbox 366 455 448 483; x_wconf 90' lang='lat' dir='ltr'>Hinc</span> <span class='ocrx_word' id='word_1_26' title='bbox 464 455 562 483; x_wconf 85' lang='lat' dir='ltr'>civem</span> <span class='ocrx_word' id='word_1_27' title='bbox 579 460 697 484; x_wconf 82' lang='lat' dir='ltr'>certant</span> <span class='ocrx_word' id='word_1_28' title='bbox 713 454 846 491; x_wconf 83' lang='lat' dir='ltr'>quisque</span> <span class='ocrx_word' id='word_1_29' title='bbox 862 454 1011 482; x_wconf 79' lang='lat' dir='ltr'>habuisse</span> <span class='ocrx_word' id='word_1_30' title='bbox 1030 464 1130 482; x_wconf 84' lang='lat' dir='ltr'>suum.</span> 
     </span>
    </p>
   </div>
   <div class='ocr_carea' id='block_1_3' title="bbox 747 519 786 547">
    <p class='ocr_par' dir='ltr' id='par_1_3' title="bbox 747 519 786 547">
     <span class='ocr_line' id='line_1_6' title="bbox 747 519 786 547; baseline 0 0"><span class='ocrx_word' id='word_1_31' title='bbox 747 519 786 547; x_wconf 86' lang='lat'>11.</span> 
     </span>
    </p>
   </div>
   <div class='ocr_carea' id='block_1_4' title="bbox 80 571 1441 644">
    <p class='ocr_par' dir='ltr' id='par_1_4' title="bbox 80 571 1441 644">
     <span class='ocr_line' id='line_1_7' title="bbox 144 571 1441 604; baseline -0.001 -9"><span class='ocrx_word' id='word_1_32' title='bbox 144 572 284 603; x_wconf 73' lang='lat' dir='ltr'>Alloquitur</span> <span class='ocrx_word' id='word_1_33' title='bbox 310 573 453 596; x_wconf 76' lang='lat' dir='ltr'>Macbraius</span> <span class='ocrx_word' id='word_1_34' title='bbox 478 573 570 603; x_wconf 79' lang='lat' dir='ltr'>Johan.</span> <span class='ocrx_word' id='word_1_35' title='bbox 592 573 724 599; x_wconf 67' lang='lat' dir='ltr'>Balneum.</span> <span class='ocrx_word' id='word_1_36' title='bbox 744 572 784 604; x_wconf 86' lang='lat' dir='ltr'>qui</span> <span class='ocrx_word' id='word_1_37' title='bbox 807 572 890 603; x_wconf 75' lang='lat' dir='ltr'>ipsum</span> <span class='ocrx_word' id='word_1_38' title='bbox 913 571 996 595; x_wconf 82' lang='lat' dir='ltr'>adhuc</span> <span class='ocrx_word' id='word_1_39' title='bbox 1014 571 1099 595; x_wconf 83' lang='lat' dir='ltr'>vivum</span> <span class='ocrx_word' id='word_1_40' title='bbox 1122 571 1145 594; x_wconf 87' lang='lat' dir='ltr'>in</span> <span class='ocrx_word' id='word_1_41' title='bbox 1168 571 1281 595; x_wconf 82' lang='lat' dir='ltr'>Theatro</span> <span class='ocrx_word' id='word_1_42' title='bbox 1303 571 1441 595; x_wconf 66' lang='lat' dir='ltr'>illustrium</span> 
     </span>
     <span class='ocr_line' id='line_1_8' title="bbox 80 613 400 644; baseline 0.003 -8"><span class='ocrx_word' id='word_1_43' title='bbox 80 613 239 644; x_wconf 78' lang='lat' dir='ltr'>Scriptorum</span> <span class='ocrx_word' id='word_1_44' title='bbox 256 614 400 638; x_wconf 74' lang='lat' dir='ltr'>collocavit.</span> 
     </span>
    </p>
   </div>
   <div class='ocr_carea' id='block_1_5' title="bbox 80 663 1184 948">
    <p class='ocr_par' dir='ltr' id='par_1_5' title="bbox 80 663 1184 948">
     <span class='ocr_line' id='line_1_9' title="bbox 324 663 1184 693; baseline -0.001 -1"><span class='ocrx_word' id='word_1_45' title='bbox 324 664 428 692; x_wconf 83' lang='lat' dir='ltr'>Rebus</span> <span class='ocrx_word' id='word_1_46' title='bbox 444 664 474 692; x_wconf 91' lang='lat' dir='ltr'>in</span> <span class='ocrx_word' id='word_1_47' title='bbox 493 664 618 693; x_wconf 84' lang='lat' dir='ltr'>incertis</span> <span class='ocrx_word' id='word_1_48' title='bbox 634 669 751 693; x_wconf 87' lang='lat' dir='ltr'>certum</span> <span class='ocrx_word' id='word_1_49' title='bbox 770 663 819 692; x_wconf 77' lang='lat' dir='ltr'>vix</span> <span class='ocrx_word' id='word_1_50' title='bbox 835 673 957 693; x_wconf 89' lang='lat' dir='ltr'>cernere</span> <span class='ocrx_word' id='word_1_51' title='bbox 974 663 1110 692; x_wconf 84' lang='lat' dir='ltr'>amicum</span> <span class='ocrx_word' id='word_1_52' title='bbox 1128 668 1184 692; x_wconf 80' lang='lat' dir='ltr'>est.</span> 
     </span>
     <span class='ocr_line' id='line_1_10' title="bbox 80 712 1006 750; baseline -0.001 -9"><span class='ocrx_word' id='word_1_53' title='bbox 80 722 114 741; x_wconf 91' lang='lat'>10</span> <span class='ocrx_word' id='word_1_54' title='bbox 360 712 418 747; x_wconf 84' lang='lat' dir='ltr'>Tu,</span> <span class='ocrx_word' id='word_1_55' title='bbox 439 713 551 742; x_wconf 82' lang='lat' dir='ltr'>Balaee</span> <span class='ocrx_word' id='word_1_56' title='bbox 570 713 644 741; x_wconf 87' lang='lat' dir='ltr'>mihi</span> <span class='ocrx_word' id='word_1_57' title='bbox 662 723 784 750; x_wconf 84' lang='lat' dir='ltr'><strong>semper</strong></span> <span class='ocrx_word' id='word_1_58' title='bbox 799 713 920 742; x_wconf 80' lang='lat' dir='ltr'>amicus</span> <span class='ocrx_word' id='word_1_59' title='bbox 937 723 1006 742; x_wconf 79' lang='lat' dir='ltr'>eras</span> 
     </span>
     <span class='ocr_line' id='line_1_11' title="bbox 321 762 1078 799; baseline -0.001 -9"><span class='ocrx_word' id='word_1_60' title='bbox 321 762 432 791; x_wconf 83' lang='lat' dir='ltr'>Certus</span> <span class='ocrx_word' id='word_1_61' title='bbox 448 762 477 790; x_wconf 91' lang='lat' dir='ltr'>in</span> <span class='ocrx_word' id='word_1_62' title='bbox 495 762 629 796; x_wconf 82' lang='lat' dir='ltr'>incertis,</span> <span class='ocrx_word' id='word_1_63' title='bbox 649 762 745 791; x_wconf 84' lang='lat' dir='ltr'>nostri</span> <span class='ocrx_word' id='word_1_64' title='bbox 763 762 816 791; x_wconf 87' lang='lat' dir='ltr'>tibi</span> <span class='ocrx_word' id='word_1_65' title='bbox 833 772 905 790; x_wconf 87' lang='lat' dir='ltr'>cura</span> <span class='ocrx_word' id='word_1_66' title='bbox 922 771 1078 799; x_wconf 78' lang='lat' dir='ltr'>perennis,</span> 
     </span>
     <span class='ocr_line' id='line_1_12' title="bbox 363 810 1031 848; baseline 0 -9"><span class='ocrx_word' id='word_1_67' title='bbox 363 811 510 839; x_wconf 77' lang='lat' dir='ltr'>Nominis</span> <span class='ocrx_word' id='word_1_68' title='bbox 526 816 555 840; x_wconf 88' lang='lat' dir='ltr'>et</span> <span class='ocrx_word' id='word_1_69' title='bbox 573 821 624 848; x_wconf 89' lang='lat' dir='ltr'>per</span> <span class='ocrx_word' id='word_1_70' title='bbox 639 816 669 840; x_wconf 85' lang='lat' dir='ltr'>te</span> <span class='ocrx_word' id='word_1_71' title='bbox 686 810 768 840; x_wconf 87' lang='lat' dir='ltr'>fama</span> <span class='ocrx_word' id='word_1_72' title='bbox 786 821 919 848; x_wconf 86' lang='lat' dir='ltr'>perenne</span> <span class='ocrx_word' id='word_1_73' title='bbox 936 811 1031 848; x_wconf 83' lang='lat' dir='ltr'>viget.</span> 
     </span>
     <span class='ocr_line' id='line_1_13' title="bbox 322 859 1074 897; baseline -0.001 -9"><span class='ocrx_word' id='word_1_74' title='bbox 322 860 372 888; x_wconf 85' lang='lat' dir='ltr'>Me</span> <span class='ocrx_word' id='word_1_75' title='bbox 389 860 494 888; x_wconf 84' lang='lat' dir='ltr'>vivum</span> <span class='ocrx_word' id='word_1_76' title='bbox 511 862 636 889; x_wconf 72' lang='lat' dir='ltr'>aeternii</span> <span class='ocrx_word' id='word_1_77' title='bbox 653 860 784 897; x_wconf 78' lang='lat' dir='ltr'>posuisti</span> <span class='ocrx_word' id='word_1_78' title='bbox 803 860 833 888; x_wconf 90' lang='lat' dir='ltr'>in</span> <span class='ocrx_word' id='word_1_79' title='bbox 850 861 917 889; x_wconf 85' lang='lat' dir='ltr'>luce</span> <span class='ocrx_word' id='word_1_80' title='bbox 934 859 1074 892; x_wconf 83' lang='lat' dir='ltr'>Theatri,</span> 
     </span>
     <span class='ocr_line' id='line_1_14' title="bbox 360 908 1134 948; baseline -0.001 -11"><span class='ocrx_word' id='word_1_81' title='bbox 360 910 511 948; x_wconf 75' lang='lat' dir='ltr'>Quodque</span> <span class='ocrx_word' id='word_1_82' title='bbox 527 909 636 938; x_wconf 88' lang='lat' dir='ltr'>obiens</span> <span class='ocrx_word' id='word_1_83' title='bbox 654 909 733 944; x_wconf 88' lang='lat' dir='ltr'>vivo,</span> <span class='ocrx_word' id='word_1_84' title='bbox 752 909 890 938; x_wconf 88' lang='lat' dir='ltr'>muneris</span> <span class='ocrx_word' id='word_1_85' title='bbox 907 909 1000 938; x_wconf 81' lang='lat' dir='ltr'>hocce</span> <span class='ocrx_word' id='word_1_86' title='bbox 1017 908 1060 937; x_wconf 90' lang='lat' dir='ltr'>tui</span> <span class='ocrx_word' id='word_1_87' title='bbox 1078 913 1134 937; x_wconf 82' lang='lat' dir='ltr'>est.</span> 
     </span>
    </p>
   </div>
   <div class='ocr_carea' id='block_1_6' title="bbox 75 966 1442 1288">
    <p class='ocr_par' dir='ltr' id='par_1_6' title="bbox 76 966 1442 1122">
     <span class='ocr_line' id='line_1_15' title="bbox 140 966 1442 998; baseline -0.002 -8"><span class='ocrx_word' id='word_1_88' title='bbox 140 967 207 997; x_wconf 88' lang='lat' dir='ltr'>John</span> <span class='ocrx_word' id='word_1_89' title='bbox 229 967 357 997; x_wconf 80' lang='lat' dir='ltr'>Macbray,</span> <span class='ocrx_word' id='word_1_90' title='bbox 372 974 398 990; x_wconf 92' lang='lat' dir='ltr'>or</span> <span class='ocrx_word' id='word_1_91' title='bbox 419 967 551 995; x_wconf 75' lang='lat' dir='ltr'>Macbrair,</span> <span class='ocrx_word' id='word_1_92' title='bbox 572 967 719 997; x_wconf 81' lang='lat' dir='ltr'>gentleman</span> <span class='ocrx_word' id='word_1_93' title='bbox 739 968 767 991; x_wconf 81' lang='lat' dir='ltr'>os</span> <span class='ocrx_word' id='word_1_94' title='bbox 783 967 932 998; x_wconf 78' lang='lat' dir='ltr'>Galloway:</span> <span class='ocrx_word' id='word_1_95' title='bbox 953 966 1008 990; x_wconf 76' lang='lat' dir='ltr'>flies</span> <span class='ocrx_word' id='word_1_96' title='bbox 1026 971 1052 990; x_wconf 82' lang='lat' dir='ltr'>to</span> <span class='ocrx_word' id='word_1_97' title='bbox 1073 966 1200 996; x_wconf 70' lang='lat' dir='ltr'>England,</span> <span class='ocrx_word' id='word_1_98' title='bbox 1217 968 1292 996; x_wconf 66' lang='lat'>1538:</span> <span class='ocrx_word' id='word_1_99' title='bbox 1311 966 1399 989; x_wconf 81' lang='lat' dir='ltr'>retires</span> <span class='ocrx_word' id='word_1_100' title='bbox 1418 971 1442 989; x_wconf 89' lang='lat' dir='ltr'>to</span> 
     </span>
     <span class='ocr_line' id='line_1_16' title="bbox 78 1007 1440 1038; baseline -0.001 -8"><span class='ocrx_word' id='word_1_101' title='bbox 78 1008 219 1035; x_wconf 82' lang='lat' dir='ltr'>Frankfort,</span> <span class='ocrx_word' id='word_1_102' title='bbox 232 1016 264 1031; x_wconf 91' lang='lat' dir='ltr'>on</span> <span class='ocrx_word' id='word_1_103' title='bbox 278 1008 354 1032; x_wconf 82' lang='lat' dir='ltr'>death</span> <span class='ocrx_word' id='word_1_104' title='bbox 372 1009 401 1032; x_wconf 86' lang='lat' dir='ltr'>of</span> <span class='ocrx_word' id='word_1_105' title='bbox 417 1008 526 1032; x_wconf 76' lang='lat' dir='ltr'>Edwurd</span> <span class='ocrx_word' id='word_1_106' title='bbox 545 1008 604 1035; x_wconf 88' lang='lat' dir='ltr'>VI.;</span> <span class='ocrx_word' id='word_1_107' title='bbox 623 1009 744 1033; x_wconf 83' lang='lat' dir='ltr'>inducted</span> <span class='ocrx_word' id='word_1_108' title='bbox 764 1009 830 1032; x_wconf 83' lang='lat' dir='ltr'>Nov.</span> <span class='ocrx_word' id='word_1_109' title='bbox 852 1016 888 1038; x_wconf 81' lang='lat'>13.</span> <span class='ocrx_word' id='word_1_110' title='bbox 905 1010 973 1038; x_wconf 77' lang='lat'>1568,</span> <span class='ocrx_word' id='word_1_111' title='bbox 988 1013 1014 1031; x_wconf 93' lang='lat' dir='ltr'>to</span> <span class='ocrx_word' id='word_1_112' title='bbox 1033 1008 1075 1031; x_wconf 83' lang='lat' dir='ltr'>the</span> <span class='ocrx_word' id='word_1_113' title='bbox 1094 1008 1195 1031; x_wconf 82' lang='lat' dir='ltr'>Church</span> <span class='ocrx_word' id='word_1_114' title='bbox 1214 1008 1243 1031; x_wconf 80' lang='lat' dir='ltr'>os</span> <span class='ocrx_word' id='word_1_115' title='bbox 1259 1009 1295 1030; x_wconf 68' lang='lat' dir='ltr'>St,</span> <span class='ocrx_word' id='word_1_116' title='bbox 1311 1007 1440 1034; x_wconf 73' lang='lat' dir='ltr'>Nicholas,</span> 
     </span>
     <span class='ocr_line' id='line_1_17' title="bbox 78 1048 1440 1081; baseline -0.001 -9"><span class='ocrx_word' id='word_1_117' title='bbox 78 1049 237 1075; x_wconf 72' lang='lat' dir='ltr'>Newcastie2</span> <span class='ocrx_word' id='word_1_118' title='bbox 257 1049 343 1073; x_wconf 86' lang='lat' dir='ltr'>buricd</span> <span class='ocrx_word' id='word_1_119' title='bbox 357 1050 435 1077; x_wconf 80' lang='lat' dir='ltr'>there,</span> <span class='ocrx_word' id='word_1_120' title='bbox 450 1051 516 1073; x_wconf 81' lang='grc' dir='ltr'><strong>Νον.</strong></span> <span class='ocrx_word' id='word_1_121' title='bbox 533 1051 569 1076; x_wconf 79' lang='lat'>16.</span> <span class='ocrx_word' id='word_1_122' title='bbox 586 1052 655 1080; x_wconf 67' lang='lat'>1554.</span> <span class='ocrx_word' id='word_1_123' title='bbox 691 1050 770 1081; x_wconf 68' lang='lat' dir='ltr'>Sigus</span> <span class='ocrx_word' id='word_1_124' title='bbox 791 1050 926 1073; x_wconf 79' lang='lat' dir='ltr'>invitation</span> <span class='ocrx_word' id='word_1_125' title='bbox 941 1049 991 1073; x_wconf 80' lang='lat' dir='ltr'>and</span> <span class='ocrx_word' id='word_1_126' title='bbox 1007 1049 1054 1072; x_wconf 84' lang='lat' dir='ltr'>call</span> <span class='ocrx_word' id='word_1_127' title='bbox 1074 1054 1099 1072; x_wconf 90' lang='lat' dir='ltr'>to</span> <span class='ocrx_word' id='word_1_128' title='bbox 1115 1049 1187 1072; x_wconf 57' lang='grc' dir='ltr'>Κηο),Δ</span> <span class='ocrx_word' id='word_1_129' title='bbox 1201 1049 1262 1071; x_wconf 79' lang='lat' dir='ltr'>from</span> <span class='ocrx_word' id='word_1_130' title='bbox 1277 1048 1319 1071; x_wconf 80' lang='lat' dir='ltr'>the</span> <span class='ocrx_word' id='word_1_131' title='bbox 1333 1049 1440 1078; x_wconf 70' lang='lat' dir='ltr'>English</span> 
     </span>
     <span class='ocr_line' id='line_1_18' title="bbox 76 1090 1041 1122; baseline -0.001 -8"><span class='ocrx_word' id='word_1_132' title='bbox 76 1090 262 1121; x_wconf 80' lang='lat' dir='ltr'>congregation</span> <span class='ocrx_word' id='word_1_133' title='bbox 277 1096 301 1114; x_wconf 80' lang='lat' dir='ltr'>at</span> <span class='ocrx_word' id='word_1_134' title='bbox 317 1091 460 1119; x_wconf 74' lang='lat' dir='ltr'>Frankfort,</span> <span class='ocrx_word' id='word_1_135' title='bbox 476 1092 546 1121; x_wconf 83' lang='lat' dir='ltr'>Sept.</span> <span class='ocrx_word' id='word_1_136' title='bbox 562 1099 599 1121; x_wconf 70' lang='lat'>24,</span> <span class='ocrx_word' id='word_1_137' title='bbox 617 1098 677 1122; x_wconf 83' lang='lat'>1554</span> <span class='ocrx_word' id='word_1_138' title='bbox 697 1091 828 1122; x_wconf 56' lang='lat' dir='ltr'>(MCrie&#39;s</span> <span class='ocrx_word' id='word_1_139' title='bbox 842 1092 923 1119; x_wconf 80' lang='lat' dir='ltr'>Knox,</span> <span class='ocrx_word' id='word_1_140' title='bbox 938 1099 961 1122; x_wconf 90' lang='lat' dir='ltr'>p.</span> <span class='ocrx_word' id='word_1_141' title='bbox 976 1092 1041 1121; x_wconf 79' lang='lat'><strong>343).</strong></span> 
     </span>
    </p>

    <p class='ocr_par' dir='ltr' id='par_1_7' title="bbox 75 1131 1440 1245">
     <span class='ocr_line' id='line_1_19' title="bbox 140 1131 1440 1164; baseline -0.002 -8"><span class='ocrx_word' id='word_1_142' title='bbox 140 1133 208 1162; x_wconf 88' lang='lat' dir='ltr'>John</span> <span class='ocrx_word' id='word_1_143' title='bbox 224 1132 295 1160; x_wconf 71' lang='lat' dir='ltr'>Baio,</span> <span class='ocrx_word' id='word_1_144' title='bbox 310 1134 456 1163; x_wconf 72' lang='lat'>1495-1563‚</span> <span class='ocrx_word' id='word_1_145' title='bbox 472 1133 569 1164; x_wconf 82' lang='lat' dir='ltr'>Bishop</span> <span class='ocrx_word' id='word_1_146' title='bbox 582 1134 611 1156; x_wconf 83' lang='lat' dir='ltr'>of</span> <span class='ocrx_word' id='word_1_147' title='bbox 621 1135 727 1164; x_wconf 69' lang='lat' dir='ltr'>Ossory,</span> <span class='ocrx_word' id='word_1_148' title='bbox 741 1133 832 1157; x_wconf 80' lang='lat' dir='ltr'>author</span> <span class='ocrx_word' id='word_1_149' title='bbox 852 1134 880 1156; x_wconf 82' lang='lat' dir='ltr'>of</span> <span class='ocrx_word' id='word_1_150' title='bbox 896 1133 1042 1156; x_wconf 61' lang='lat' dir='ltr'>Illustrium</span> <span class='ocrx_word' id='word_1_151' title='bbox 1064 1131 1173 1163; x_wconf 75' lang='lat' dir='ltr'>Majuris</span> <span class='ocrx_word' id='word_1_152' title='bbox 1194 1131 1337 1154; x_wconf 63' lang='lat' dir='ltr'>Britannia·</span> <span class='ocrx_word' id='word_1_153' title='bbox 1358 1132 1440 1162; x_wconf 50' lang='lat' dir='ltr'>Saip-</span> 
     </span>
     <span class='ocr_line' id='line_1_20' title="bbox 75 1173 1439 1205; baseline 0 -10"><span class='ocrx_word' id='word_1_154' title='bbox 75 1175 156 1195; x_wconf 69' lang='lat' dir='ltr'>torum</span> <span class='ocrx_word' id='word_1_155' title='bbox 170 1173 353 1201; x_wconf 75' lang='lat' dir='ltr'>Summarimn,</span> <span class='ocrx_word' id='word_1_156' title='bbox 369 1181 438 1203; x_wconf 73' lang='lat'>1549.</span> <span class='ocrx_word' id='word_1_157' title='bbox 452 1174 536 1198; x_wconf 83' lang='lat' dir='ltr'>where</span> <span class='ocrx_word' id='word_1_158' title='bbox 556 1176 588 1204; x_wconf 80' lang='lat' dir='ltr'>(p.</span> <span class='ocrx_word' id='word_1_159' title='bbox 604 1175 659 1205; x_wconf 73' lang='lat'>2:29)</span> <span class='ocrx_word' id='word_1_160' title='bbox 679 1175 710 1198; x_wconf 85' lang='lat' dir='ltr'>he</span> <span class='ocrx_word' id='word_1_161' title='bbox 729 1175 859 1198; x_wconf 80' lang='lat' dir='ltr'>mentions</span> <span class='ocrx_word' id='word_1_162' title='bbox 878 1174 973 1198; x_wconf 78' lang='lat' dir='ltr'>several</span> <span class='ocrx_word' id='word_1_163' title='bbox 987 1174 1070 1197; x_wconf 69' lang='lat' dir='ltr'>works</span> <span class='ocrx_word' id='word_1_164' title='bbox 1082 1173 1111 1197; x_wconf 82' lang='lat' dir='ltr'>os</span> <span class='ocrx_word' id='word_1_165' title='bbox 1128 1173 1258 1203; x_wconf 79' lang='lat' dir='ltr'>Macbray.</span> <span class='ocrx_word' id='word_1_166' title='bbox 1272 1173 1322 1195; x_wconf 74' lang='lat' dir='ltr'>and</span> <span class='ocrx_word' id='word_1_167' title='bbox 1337 1180 1395 1203; x_wconf 68' lang='lat' dir='ltr'>says</span> <span class='ocrx_word' id='word_1_168' title='bbox 1409 1173 1439 1195; x_wconf 80' lang='lat' dir='ltr'>he</span> 
     </span>
     <span class='ocr_line' id='line_1_21' title="bbox 77 1214 480 1245; baseline 0.007 -9"><span class='ocrx_word' id='word_1_169' title='bbox 77 1216 180 1237; x_wconf 81' lang='lat' dir='ltr'>“wrote</span> <span class='ocrx_word' id='word_1_170' title='bbox 193 1214 324 1245; x_wconf 77' lang='lat' dir='ltr'>elegantly</span> <span class='ocrx_word' id='word_1_171' title='bbox 338 1214 362 1237; x_wconf 91' lang='lat' dir='ltr'>in</span> <span class='ocrx_word' id='word_1_172' title='bbox 377 1215 480 1239; x_wconf 77' lang='lat' dir='ltr'>Latin&#39;&#39;.</span> 
     </span>
    </p>

    <p class='ocr_par' dir='ltr' id='par_1_8' title="bbox 143 1255 668 1288">
     <span class='ocr_line' id='line_1_22' title="bbox 143 1255 668 1288; baseline 0.006 -11"><span class='ocrx_word' id='word_1_173' title='bbox 143 1262 162 1278; x_wconf 91' lang='lat'>1.</span> <span class='ocrx_word' id='word_1_174' title='bbox 182 1255 324 1283; x_wconf 73' lang='lat' dir='ltr'>Prvtcrvia.</span> <span class='ocrx_word' id='word_1_175' title='bbox 338 1256 446 1287; x_wconf 83' lang='lat' dir='ltr'>coinage</span> <span class='ocrx_word' id='word_1_176' title='bbox 459 1257 495 1280; x_wconf 87' lang='lat' dir='ltr'>sor</span> <span class='ocrx_word' id='word_1_177' title='bbox 506 1257 668 1288; x_wconf 46' lang='lat' dir='ltr'>prutmvz&#39;las·</span> 
     </span>
    </p>
   </div>
   <div class='ocr_carea' id='block_1_7' title="bbox 426 1357 1089 1458">
    <p class='ocr_par' dir='ltr' id='par_1_9' title="bbox 426 1357 1089 1458">
     <span class='ocr_line' id='line_1_23' title="bbox 426 1357 1089 1389; baseline -0.002 -1"><span class='ocrx_word' id='word_1_178' title='bbox 426 1358 563 1388; x_wconf 85' lang='lat' dir='ltr'>XVIII.</span> <span class='ocrx_word' id='word_1_179' title='bbox 589 1358 856 1389; x_wconf 77' lang='lat' dir='ltr'>WALTERVS</span> <span class='ocrx_word' id='word_1_180' title='bbox 884 1357 1089 1388; x_wconf 77' lang='lat' dir='ltr'>MYLLVS.</span> 
     </span>
     <span class='ocr_line' id='line_1_24' title="bbox 488 1426 1021 1458; baseline -0.004 -8"><span class='ocrx_word' id='word_1_181' title='bbox 488 1427 583 1458; x_wconf 65' lang='lat' dir='ltr'>Mariyr</span> <span class='ocrx_word' id='word_1_182' title='bbox 596 1427 757 1458; x_wconf 69' lang='lat' dir='ltr'>Andreapofi,</span> <span class='ocrx_word' id='word_1_183' title='bbox 771 1427 843 1450; x_wconf 64' lang='lat' dir='ltr'>mix.</span> <span class='ocrx_word' id='word_1_184' title='bbox 858 1426 936 1457; x_wconf 73' lang='lat' dir='ltr'>April,</span> <span class='ocrx_word' id='word_1_185' title='bbox 952 1426 1021 1455; x_wconf 77' lang='lat'>1558.</span> 
     </span>
    </p>
   </div>
   <div class='ocr_carea' id='block_1_8' title="bbox 75 1486 1155 1965">
    <p class='ocr_par' dir='ltr' id='par_1_10' title="bbox 75 1486 1155 1965">
     <span class='ocr_line' id='line_1_25' title="bbox 318 1486 1155 1524; baseline -0.002 -11"><span class='ocrx_word' id='word_1_186' title='bbox 318 1486 396 1524; x_wconf 77' lang='lat' dir='ltr'>Quis</span> <span class='ocrx_word' id='word_1_187' title='bbox 413 1491 498 1522; x_wconf 86' lang='lat' dir='ltr'>putet</span> <span class='ocrx_word' id='word_1_188' title='bbox 514 1486 651 1515; x_wconf 85' lang='lat' dir='ltr'>invalido</span> <span class='ocrx_word' id='word_1_189' title='bbox 668 1496 824 1523; x_wconf 86' lang='lat' dir='ltr'>parvoque</span> <span class='ocrx_word' id='word_1_190' title='bbox 842 1486 872 1514; x_wconf 89' lang='lat' dir='ltr'>in</span> <span class='ocrx_word' id='word_1_191' title='bbox 889 1495 1016 1522; x_wconf 89' lang='lat' dir='ltr'>corpore</span> <span class='ocrx_word' id='word_1_192' title='bbox 1033 1490 1155 1513; x_wconf 77' lang='lat' dir='ltr'>tantum</span> 
     </span>
     <span class='ocr_line' id='line_1_26' title="bbox 359 1533 1081 1573; baseline -0.001 -11"><span class='ocrx_word' id='word_1_193' title='bbox 359 1535 517 1564; x_wconf 85' lang='lat' dir='ltr'>Pectoris?</span> <span class='ocrx_word' id='word_1_194' title='bbox 536 1541 589 1564; x_wconf 86' lang='lat' dir='ltr'>aut</span> <span class='ocrx_word' id='word_1_195' title='bbox 606 1536 666 1564; x_wconf 90' lang='lat' dir='ltr'>isto</span> <span class='ocrx_word' id='word_1_196' title='bbox 683 1540 804 1573; x_wconf 87' lang='lat' dir='ltr'>pectore</span> <span class='ocrx_word' id='word_1_197' title='bbox 820 1540 943 1563; x_wconf 83' lang='lat' dir='ltr'>tantum</span> <span class='ocrx_word' id='word_1_198' title='bbox 960 1534 1056 1562; x_wconf 89' lang='lat' dir='ltr'>animi</span> <span class='ocrx_word' id='word_1_199' title='bbox 1071 1533 1081 1561; x_wconf 90' lang='lat'>?</span> 
     </span>
     <span class='ocr_line' id='line_1_27' title="bbox 319 1584 1034 1621; baseline -0.003 -8"><span class='ocrx_word' id='word_1_200' title='bbox 319 1584 361 1613; x_wconf 89' lang='lat' dir='ltr'>Ut</span> <span class='ocrx_word' id='word_1_201' title='bbox 378 1584 454 1612; x_wconf 87' lang='lat' dir='ltr'>nihil</span> <span class='ocrx_word' id='word_1_202' title='bbox 471 1585 627 1614; x_wconf 78' lang='lat' dir='ltr'>horrescat</span> <span class='ocrx_word' id='word_1_203' title='bbox 645 1585 760 1613; x_wconf 85' lang='lat' dir='ltr'>iuratos</span> <span class='ocrx_word' id='word_1_204' title='bbox 778 1585 861 1613; x_wconf 87' lang='lat' dir='ltr'>mille</span> <span class='ocrx_word' id='word_1_205' title='bbox 877 1584 1034 1621; x_wconf 85' lang='lat' dir='ltr'>maniplos</span> 
     </span>
     <span class='ocr_line' id='line_1_28' title="bbox 360 1631 1111 1670; baseline -0.001 -10"><span class='ocrx_word' id='word_1_206' title='bbox 360 1632 558 1668; x_wconf 69' lang='lat' dir='ltr'>Missificnm‚</span> <span class='ocrx_word' id='word_1_207' title='bbox 576 1639 629 1662; x_wconf 85' lang='lat' dir='ltr'>aut</span> <span class='ocrx_word' id='word_1_208' title='bbox 647 1633 747 1670; x_wconf 74' lang='lat' dir='ltr'>Stygii</span> <span class='ocrx_word' id='word_1_209' title='bbox 766 1632 897 1661; x_wconf 85' lang='lat' dir='ltr'>fulmina</span> <span class='ocrx_word' id='word_1_210' title='bbox 914 1638 1001 1661; x_wconf 86' lang='lat' dir='ltr'>torva</span> <span class='ocrx_word' id='word_1_211' title='bbox 1022 1631 1111 1668; x_wconf 81' lang='lat' dir='ltr'>Lupi,</span> 
     </span>
     <span class='ocr_line' id='line_1_29' title="bbox 94 1681 1118 1718; baseline -0.002 -7"><span class='ocrx_word' id='word_1_212' title='bbox 94 1690 110 1718; x_wconf 87' lang='lat'><strong>5</strong></span> <span class='ocrx_word' id='word_1_213' title='bbox 318 1682 361 1711; x_wconf 90' lang='lat' dir='ltr'>Ut</span> <span class='ocrx_word' id='word_1_214' title='bbox 377 1691 433 1710; x_wconf 88' lang='lat' dir='ltr'>nee</span> <span class='ocrx_word' id='word_1_215' title='bbox 449 1681 541 1717; x_wconf 83' lang='lat' dir='ltr'>furca,</span> <span class='ocrx_word' id='word_1_216' title='bbox 558 1683 673 1717; x_wconf 84' lang='lat' dir='ltr'>minae,</span> <span class='ocrx_word' id='word_1_217' title='bbox 691 1692 753 1711; x_wconf 90' lang='lat' dir='ltr'>non</span> <span class='ocrx_word' id='word_1_218' title='bbox 771 1682 839 1710; x_wconf 88' lang='lat' dir='ltr'>tetri</span> <span class='ocrx_word' id='word_1_219' title='bbox 857 1681 986 1710; x_wconf 83' lang='lat' dir='ltr'>carceris</span> <span class='ocrx_word' id='word_1_220' title='bbox 1003 1682 1118 1713; x_wconf 87' lang='lat' dir='ltr'>horror,</span> 
     </span>
     <span class='ocr_line' id='line_1_30' title="bbox 359 1730 1084 1760; baseline -0.001 0"><span class='ocrx_word' id='word_1_221' title='bbox 359 1731 479 1760; x_wconf 90' lang='lat' dir='ltr'>Ultima</span> <span class='ocrx_word' id='word_1_222' title='bbox 496 1741 551 1760; x_wconf 88' lang='lat' dir='ltr'>nec</span> <span class='ocrx_word' id='word_1_223' title='bbox 566 1732 669 1760; x_wconf 83' lang='lat' dir='ltr'>valeat</span> <span class='ocrx_word' id='word_1_224' title='bbox 686 1731 814 1760; x_wconf 86' lang='lat' dir='ltr'>flamma</span> <span class='ocrx_word' id='word_1_225' title='bbox 830 1732 956 1760; x_wconf 91' lang='lat' dir='ltr'>domare</span> <span class='ocrx_word' id='word_1_226' title='bbox 974 1730 1084 1759; x_wconf 89' lang='lat' dir='ltr'>virum.</span> 
     </span>
     <span class='ocr_line' id='line_1_31' title="bbox 314 1779 1082 1818; baseline -0.001 -10"><span class='ocrx_word' id='word_1_227' title='bbox 314 1780 392 1818; x_wconf 83' lang='lat' dir='ltr'>Quis</span> <span class='ocrx_word' id='word_1_228' title='bbox 409 1785 501 1818; x_wconf 86' lang='lat' dir='ltr'>neget</span> <span class='ocrx_word' id='word_1_229' title='bbox 517 1781 656 1809; x_wconf 85' lang='lat' dir='ltr'>humano</span> <span class='ocrx_word' id='word_1_230' title='bbox 671 1781 822 1810; x_wconf 87' lang='lat' dir='ltr'>coelestes</span> <span class='ocrx_word' id='word_1_231' title='bbox 838 1790 963 1817; x_wconf 85' lang='lat' dir='ltr'>corpore</span> <span class='ocrx_word' id='word_1_232' title='bbox 979 1779 1082 1808; x_wconf 86' lang='lat' dir='ltr'>vires?</span> 
     </span>
     <span class='ocr_line' id='line_1_32' title="bbox 358 1828 1056 1866; baseline 0.001 -9"><span class='ocrx_word' id='word_1_233' title='bbox 358 1829 463 1858; x_wconf 83' lang='lat' dir='ltr'>Mente</span> <span class='ocrx_word' id='word_1_234' title='bbox 479 1829 559 1866; x_wconf 83' lang='lat' dir='ltr'>capit</span> <span class='ocrx_word' id='word_1_235' title='bbox 576 1830 716 1859; x_wconf 86' lang='lat' dir='ltr'>caelum:</span> <span class='ocrx_word' id='word_1_236' title='bbox 739 1835 838 1858; x_wconf 82' lang='lat' dir='ltr'>terrea</span> <span class='ocrx_word' id='word_1_237' title='bbox 854 1828 952 1857; x_wconf 84' lang='lat' dir='ltr'>forma</span> <span class='ocrx_word' id='word_1_238' title='bbox 970 1829 1056 1858; x_wconf 88' lang='lat' dir='ltr'>nihil.</span> 
     </span>
     <span class='ocr_line' id='line_1_33' title="bbox 315 1877 1151 1912; baseline -0.001 -6"><span class='ocrx_word' id='word_1_239' title='bbox 315 1878 432 1907; x_wconf 85' lang='lat' dir='ltr'>Crescit</span> <span class='ocrx_word' id='word_1_240' title='bbox 450 1878 479 1906; x_wconf 89' lang='lat' dir='ltr'>in</span> <span class='ocrx_word' id='word_1_241' title='bbox 498 1878 686 1907; x_wconf 78' lang='lat' dir='ltr'>immensam</span> <span class='ocrx_word' id='word_1_242' title='bbox 704 1878 833 1907; x_wconf 82' lang='lat' dir='ltr'>latitans</span> <span class='ocrx_word' id='word_1_243' title='bbox 849 1878 985 1907; x_wconf 85' lang='lat' dir='ltr'>scintilla</span> <span class='ocrx_word' id='word_1_244' title='bbox 1002 1877 1151 1912; x_wconf 82' lang='lat' dir='ltr'>favillam,</span> 
     </span>
     <span class='ocr_line' id='line_1_34' title="bbox 75 1927 964 1965; baseline 0.001 -10"><span class='ocrx_word' id='word_1_245' title='bbox 75 1935 109 1956; x_wconf 92' lang='lat'>10</span> <span class='ocrx_word' id='word_1_246' title='bbox 355 1927 404 1956; x_wconf 79' lang='lat' dir='ltr'>Sic</span> <span class='ocrx_word' id='word_1_247' title='bbox 422 1927 515 1956; x_wconf 81' lang='lat' dir='ltr'>micat</span> <span class='ocrx_word' id='word_1_248' title='bbox 531 1927 562 1956; x_wconf 89' lang='lat' dir='ltr'>in</span> <span class='ocrx_word' id='word_1_249' title='bbox 579 1928 663 1956; x_wconf 89' lang='lat' dir='ltr'>tenui</span> <span class='ocrx_word' id='word_1_250' title='bbox 681 1928 779 1965; x_wconf 82' lang='lat' dir='ltr'>gloria</span> <span class='ocrx_word' id='word_1_251' title='bbox 796 1928 879 1956; x_wconf 87' lang='lat' dir='ltr'>celsa</span> <span class='ocrx_word' id='word_1_252' title='bbox 897 1927 964 1956; x_wconf 89' lang='lat' dir='ltr'>Dei.</span> 
     </span>
    </p>
   </div>
   <div class='ocr_carea' id='block_1_9' title="bbox 315 1986 1104 2172">
    <p class='ocr_par' dir='ltr' id='par_1_11' title="bbox 315 1986 1104 2172">
     <span class='ocr_line' id='line_1_35' title="bbox 560 1986 954 2024; baseline -0.003 -8"><span class='ocrx_word' id='word_1_253' title='bbox 560 1986 602 2016; x_wconf 94' lang='grc' dir='ltr'>ΙΙ.</span> <span class='ocrx_word' id='word_1_254' title='bbox 630 1986 765 2024; x_wconf 78' lang='lat' dir='ltr'>(Incerlo</span> <span class='ocrx_word' id='word_1_255' title='bbox 790 1986 954 2023; x_wconf 73' lang='lat' dir='ltr'>Auctore).</span> 
     </span>
     <span class='ocr_line' id='line_1_36' title="bbox 316 2037 1104 2073; baseline -0.001 -8"><span class='ocrx_word' id='word_1_256' title='bbox 316 2037 388 2065; x_wconf 90' lang='lat' dir='ltr'>Non</span> <span class='ocrx_word' id='word_1_257' title='bbox 406 2042 511 2065; x_wconf 84' lang='lat' dir='ltr'>nostra</span> <span class='ocrx_word' id='word_1_258' title='bbox 528 2037 683 2073; x_wconf 80' lang='lat' dir='ltr'>impietas,</span> <span class='ocrx_word' id='word_1_259' title='bbox 701 2043 754 2066; x_wconf 87' lang='lat' dir='ltr'>aut</span> <span class='ocrx_word' id='word_1_260' title='bbox 770 2043 857 2066; x_wconf 85' lang='lat' dir='ltr'>actae</span> <span class='ocrx_word' id='word_1_261' title='bbox 873 2037 1005 2066; x_wconf 87' lang='lat' dir='ltr'>crimina</span> <span class='ocrx_word' id='word_1_262' title='bbox 1021 2037 1104 2065; x_wconf 87' lang='lat' dir='ltr'>vitae</span> 
     </span>
     <span class='ocr_line' id='line_1_37' title="bbox 354 2086 986 2115; baseline 0.002 -2"><span class='ocrx_word' id='word_1_263' title='bbox 354 2086 521 2114; x_wconf 81' lang='lat' dir='ltr'>Armarurit</span> <span class='ocrx_word' id='word_1_264' title='bbox 537 2087 645 2115; x_wconf 82' lang='lat' dir='ltr'>hostes</span> <span class='ocrx_word' id='word_1_265' title='bbox 662 2086 692 2114; x_wconf 87' lang='lat' dir='ltr'>in</span> <span class='ocrx_word' id='word_1_266' title='bbox 709 2096 778 2115; x_wconf 88' lang='lat' dir='ltr'>mea</span> <span class='ocrx_word' id='word_1_267' title='bbox 796 2086 859 2115; x_wconf 85' lang='lat' dir='ltr'>fata</span> <span class='ocrx_word' id='word_1_268' title='bbox 875 2091 986 2115; x_wconf 82' lang='lat' dir='ltr'>truces.</span> 
     </span>
     <span class='ocr_line' id='line_1_38' title="bbox 315 2134 980 2172; baseline 0 -9"><span class='ocrx_word' id='word_1_269' title='bbox 315 2135 388 2164; x_wconf 84' lang='lat' dir='ltr'>Sola</span> <span class='ocrx_word' id='word_1_270' title='bbox 405 2134 481 2164; x_wconf 80' lang='lat' dir='ltr'>fides</span> <span class='ocrx_word' id='word_1_271' title='bbox 497 2135 612 2164; x_wconf 81' lang='lat' dir='ltr'>Christi</span> <span class='ocrx_word' id='word_1_272' title='bbox 630 2145 718 2164; x_wconf 84' lang='lat' dir='ltr'>sacro</span> <span class='ocrx_word' id='word_1_273' title='bbox 734 2136 859 2172; x_wconf 85' lang='lat' dir='ltr'>signata</span> <span class='ocrx_word' id='word_1_274' title='bbox 877 2135 980 2163; x_wconf 90' lang='lat' dir='ltr'>libello</span> 
     </span>
    </p>
   </div>
   <div class='ocr_carea' id='block_1_10' title="bbox 354 2183 1346 2251">
    <p class='ocr_par' dir='ltr' id='par_1_12' title="bbox 354 2183 1346 2251">
     <span class='ocr_line' id='line_1_39' title="bbox 354 2183 1100 2224; baseline 0 -12"><span class='ocrx_word' id='word_1_275' title='bbox 354 2184 440 2224; x_wconf 71' lang='lat' dir='ltr'>Quae</span> <span class='ocrx_word' id='word_1_276' title='bbox 456 2184 538 2214; x_wconf 85' lang='lat' dir='ltr'>vitae</span> <span class='ocrx_word' id='word_1_277' title='bbox 554 2194 648 2212; x_wconf 85' lang='lat' dir='ltr'>causa</span> <span class='ocrx_word' id='word_1_278' title='bbox 664 2189 719 2222; x_wconf 75' lang='lat' dir='ltr'>est,</span> <span class='ocrx_word' id='word_1_279' title='bbox 738 2189 786 2215; x_wconf 84' lang='lat' dir='ltr'>est</span> <span class='ocrx_word' id='word_1_280' title='bbox 802 2184 879 2214; x_wconf 87' lang='lat' dir='ltr'>mihi</span> <span class='ocrx_word' id='word_1_281' title='bbox 896 2193 989 2214; x_wconf 84' lang='lat' dir='ltr'>causa</span> <span class='ocrx_word' id='word_1_282' title='bbox 1007 2183 1100 2212; x_wconf 87' lang='lat' dir='ltr'>necis.</span> 
     </span>
     <span class='ocr_line' id='line_1_40' title="bbox 1324 2230 1346 2251; baseline -0.091 0"><span class='ocrx_word' id='word_1_283' title='bbox 1324 2230 1346 2251; x_wconf 55' lang='grc' dir='ltr'>(π</span> 
     </span>
    </p>
   </div>
  </div>
 </body>
</html>
