1903 2724
430 217 576 241 ROBERT
600 216 754 240 GORDON
781 217 828 239 011*
852 217 1052 240 STRALOCH.

65 309 120 334 ¹40
307 297 412 326 Iudicii
431 297 586 326 trutinans
601 296 744 325 examine
760 306 765 329 ;
791 296 900 332 pellere
917 306 1040 331 segnes,

308 346 463 375 Emeritos
480 346 569 374 donis
587 345 767 381 meritisque
783 354 892 373 ornare
909 345 1053 381 tropacis.

344 395 385 423 At
402 404 463 423 non
482 394 532 422 illa
549 404 635 423 meae
653 394 782 430 pavidae
799 394 975 422 constantia
992 394 1117 428 mentis,

308 444 348 472 Ut
366 449 394 472 te
410 444 503 480 digna
520 448 611 472 canat
628 442 748 481 (magni
766 443 841 471 hacc
858 448 931 471 sunt
949 443 1055 471 munia
1073 443 1162 477 vatis,

305 493 345 521 Et
362 493 436 521 mihi
454 494 599 521 desuetas
616 502 724 520 musas
742 501 882 520 revocare
900 492 1067 520 molestum

66 552 117 580 145
305 542 460 579 Implicito
476 541 556 570 curis
573 540 777 579 gravioribus)
793 546 846 569 aut
864 550 932 570 mea
948 541 1028 569 vires

306 591 470 620 Sufficiunt
487 591 516 618 in
534 595 606 619 vota
623 591 716 623 leves,
735 595 766 618 ut
783 590 912 626 grandia
929 599 1028 618 rerum

306 640 465 676 Exsequar
482 640 597 668 inculto
614 649 712 668 versu.
758 639 882 668 Violare
899 639 1044 676 pudorem

306 688 375 717 Hoc
391 688 447 717 erit
462 693 553 725 atque
569 693 640 717 tuae
657 689 795 717 maculas
811 689 994 725 adspergere
1011 687 1120 717 famae.

306 737 371 766 Nec
387 743 439 766 tua
455 737 645 766 carminibus
662 738 724 765 vita
742 737 870 774 indiget,
887 746 968 765 error
985 737 1100 765 amoris

68 797 123 826 150
310 786 427 815 Pierios
443 786 542 823 agitat
559 795 724 820 numeros;
748 792 779 815 tu
798 787 884 814 solus
901 786 985 814 inani

309 835 374 864 Nec
391 835 519 872 strepitu
537 836 651 864 crescis
668 836 840 870 verborum,
859 844 915 863 nec
932 835 985 863 tibi
1004 835 1080 864 livor

308 884 445 913 Pallidus
462 885 581 913 emeriti
599 884 732 921 decerpit
748 885 872 913 culmen
890 884 1027 913 honoris⁴

306 933 415 961 Audax
432 939 529 962 morte
546 939 598 962 tua
615 933 753 962 dissolvo
770 933 894 962 vincula
911 933 1035 969 linguae

308 982 426 1017 Libera,
446 992 507 1011 non
524 983 645 1011 calamo
662 983 763 1011 venali
782 992 875 1019 posco
892 983 1032 1010 laborum

68 1041 121 1071 155
310 1031 460 1066 Praemia,
479 1041 541 1060 non
558 1032 644 1060 vocis
661 1031 813 1069 pretium;
837 1031 1003 1068 pretiosius
1019 1041 1094 1059 auro

309 1080 357 1110 Sit
373 1080 448 1109 mihi
465 1091 536 1109 vera
553 1081 644 1118 loqui,
663 1085 795 1118 poscunt
811 1086 864 1109 tua
880 1080 987 1109 funera
1004 1090 1120 1109 verum.

349 1130 389 1158 At
406 1139 484 1167 quae
500 1139 592 1166 saepe
608 1139 677 1158 meo
694 1130 776 1158 volvi
794 1130 851 1158 sub
869 1134 1000 1166 pectore,
1018 1139 1158 1166 quaeque

310 1179 466 1207 Faucibus
481 1180 623 1208 errabant
640 1179 751 1213 dubiis,
769 1179 873 1207 audita
891 1188 999 1207 severo

312 1228 369 1256 Illa
385 1228 550 1266 supercilio
567 1228 620 1256 tibi
638 1227 785 1264 fastidita,
804 1237 949 1264 supremo

71 1279 125 1307 160
310 1277 372 1305 Fas
388 1277 492 1311 cineri,
510 1276 557 1305 fas
573 1277 729 1314 exsequiis
745 1282 926 1313 maestoque
942 1277 1104 1314 sepulchro

312 1325 466 1360 Promere,
484 1326 531 1354 fas
548 1331 621 1355 nato
638 1326 716 1354 tanti
734 1326 846 1354 solatia
864 1326 967 1354 luctus

308 1375 472 1413 Quaerere,
489 1385 550 1412 quo
566 1376 646 1404 vivis
664 1375 820 1404 redivivus
838 1375 966 1412 sospite,
985 1376 1069 1404 nulla

311 1424 401 1453 Busti
418 1425 533 1453 damna
549 1424 636 1460 feres,
654 1425 738 1453 nulla
754 1425 941 1453 damnabere
958 1424 1042 1460 longi

311 1472 475 1510 Temporis
492 1474 616 1509 invidia,
635 1474 712 1503 seris
729 1474 940 1503 memorabere
958 1474 1078 1502 saeclis.

72 1524 125 1561 165
311 1521 542 1559 Aeternumque
558 1528 686 1552 manent
702 1523 820 1551 victura
835 1522 1006 1557 volumina,
1024 1523 1096 1551 culti

313 1570 435 1608 Ingenii
452 1572 554 1607 decus,
573 1577 602 1601 et
619 1572 737 1609 priscos
754 1571 916 1600 referentia
932 1581 1043 1601 mores.

313 1620 374 1648 His
389 1621 558 1650 commissa
574 1626 645 1650 tuae
662 1622 818 1658 quondam
835 1626 880 1649 tot
896 1621 992 1649 millia
1009 1630 1098 1650 curae

315 1669 422 1698 Pascis
438 1670 539 1698 adhuc
555 1670 686 1707 dapibus
703 1670 811 1707 plenis7
830 1670 999 1707 laticesque
1016 1670 1177 1699 ministras

313 1718 508 1754 Gurgitibus,
525 1729 580 1748 nec
597 1720 663 1748 sola
679 1719 722 1747 tui
741 1719 899 1756 provincia
915 1724 1021 1748 nostra

75 1776 129 1804 170
316 1767 418 1796 Sentit
433 1777 507 1804 opes
524 1768 647 1803 calami,
665 1769 716 1797 sed
734 1768 854 1806 Tethys
871 1768 1015 1805 quicquid
1033 1769 1147 1797 amaris

316 1816 422 1852 Cingit
438 1816 527 1853 aquis
544 1817 664 1853 gelidae
682 1822 819 1854 porrecta
836 1827 888 1854 per
904 1817 1014 1846 ultima
1031 1817 1149 1846 Thules

319 1865 439 1894 Littora
455 1865 610 1894 diversam
631 1867 781 1903 Rutupini
798 1867 836 1894 ad
853 1866 1004 1903 marginis
1019 1875 1115 1894 oram.

801 1933 954 1962 Robertus
971 1933 1148 1968 Gordonus,
1166 1942 1183 1961 a
1200 1932 1350 1961 Straloch.

141 2028 179 2051 14.
204 2020 349 2052 Ephyraea,
364 2021 453 2045 Pirene
466 2028 499 2045 on
513 2021 556 2044 the
568 2021 766 2045 Acrocorinthus
779 2022 863 2052 (Ovid,
876 2023 938 2045 Met.
952 2022 976 2045 ii.
991 2022 1056 2051 240).

142 2069 180 2091 15.
200 2061 280 2091 Citra,
295 2062 320 2085 in
336 2062 428 2086 Phocis
443 2062 580 2093 (Juvenal,
593 2063 634 2086 vii.
651 2064 696 2093 64;
716 2063 836 2092 Martini,
851 2064 865 2086 i.
882 2065 919 2094 76,
936 2063 983 2093 11).

141 2109 180 2132 23.
200 2102 334 2132 Eridanus,
349 2103 392 2126 the
406 2103 604 2132 Constellation,
619 2109 662 2128 not
675 2104 718 2127 the
730 2104 802 2132 river,
815 2105 844 2128 of
854 2105 908 2128 that
921 2112 1005 2128 name.

141 2151 180 2173 23.
201 2144 308 2175 Canopi,
321 2144 406 2175 bright
418 2149 468 2168 star
481 2145 507 2167 in
520 2145 700 2169 constellation
713 2146 791 2176 Argo.
822 2146 928 2176 (Lucan,
942 2145 993 2168 viii,
1010 2144 1074 2174 180).

142 2192 180 2216 24.
201 2185 304 2215 Caurus,
319 2185 407 2211 N.-W.
421 2185 497 2210 wind.
