<?xml version="1.0" encoding="UTF-8"?>
<!DOCTYPE html PUBLIC "-//W3C//DTD XHTML 1.0 Transitional//EN"
    "http://www.w3.org/TR/xhtml1/DTD/xhtml1-transitional.dtd">
<html xmlns="http://www.w3.org/1999/xhtml" xml:lang="en" lang="en">
 <head>
  <title>
</title>
<meta http-equiv="Content-Type" content="text/html;charset=utf-8" />
  <meta name='ocr-system' content='tesseract 3.04.00' />
  <meta name='ocr-capabilities' content='ocr_page ocr_carea ocr_par ocr_line ocrx_word'/>
</head>
<body>
  <div class='ocr_page' id='page_1' title='image "./musalatinaaberdo03gedduoft_0428.png"; bbox 0 0 1883 2730; ppageno 0'>
   <div class='ocr_carea' id='block_1_1' title="bbox 469 389 522 418">
    <p class='ocr_par' dir='ltr' id='par_1_1' title="bbox 469 389 522 418">
     <span class='ocr_line' id='line_1_1' title="bbox 469 389 522 418; baseline 0 -10"><span class='ocrx_word' id='word_1_1' title='bbox 469 389 522 418; x_wconf 80' lang='lat'>115</span> 
     </span>
    </p>
   </div>
   <div class='ocr_carea' id='block_1_2' title="bbox 470 634 524 652">
    <p class='ocr_par' dir='ltr' id='par_1_2' title="bbox 470 634 524 652">
     <span class='ocr_line' id='line_1_2' title="bbox 470 634 524 652; baseline 0 0"><span class='ocrx_word' id='word_1_2' title='bbox 470 634 524 652; x_wconf 89' lang='lat'>120</span> 
     </span>
    </p>
   </div>
   <div class='ocr_carea' id='block_1_3' title="bbox 472 1365 524 1394">
    <p class='ocr_par' dir='ltr' id='par_1_3' title="bbox 472 1365 524 1394">
     <span class='ocr_line' id='line_1_3' title="bbox 472 1365 524 1394; baseline 0.019 -1"><span class='ocrx_word' id='word_1_3' title='bbox 472 1365 524 1394; x_wconf 83' lang='lat'>ยน35</span> 
     </span>
    </p>
   </div>
   <div class='ocr_carea' id='block_1_4' title="bbox 474 1613 528 1638">
    <p class='ocr_par' dir='ltr' id='par_1_4' title="bbox 474 1613 528 1638">
     <span class='ocr_line' id='line_1_4' title="bbox 474 1613 528 1638; baseline 0.019 -8"><span class='ocrx_word' id='word_1_4' title='bbox 474 1613 528 1638; x_wconf 81' lang='lat'>ยน40</span> 
     </span>
    </p>
   </div>
   <div class='ocr_carea' id='block_1_5' title="bbox 475 1855 528 1884">
    <p class='ocr_par' dir='ltr' id='par_1_5' title="bbox 475 1855 528 1884">
     <span class='ocr_line' id='line_1_5' title="bbox 475 1855 528 1884; baseline 0 -9"><span class='ocrx_word' id='word_1_5' title='bbox 475 1855 528 1884; x_wconf 74' lang='lat'>145</span> 
     </span>
    </p>
   </div>
   <div class='ocr_carea' id='block_1_6' title="bbox 864 194 1426 223">
    <p class='ocr_par' dir='ltr' id='par_1_6' title="bbox 864 194 1426 223">
     <span class='ocr_line' id='line_1_6' title="bbox 864 194 1426 223; baseline -0.007 -2"><span class='ocrx_word' id='word_1_6' title='bbox 864 198 959 223; x_wconf 66' lang='lat' dir='ltr'>MUSA</span> <span class='ocrx_word' id='word_1_7' title='bbox 986 197 1122 221; x_wconf 78' lang='lat' dir='ltr'><strong>LATINA</strong></span> <span class='ocrx_word' id='word_1_8' title='bbox 1148 194 1426 220; x_wconf 73' lang='lat' dir='ltr'>ABERDONENSIS.</span> 
     </span>
    </p>
   </div>
   <div class='ocr_carea' id='block_1_7' title="bbox 707 274 1711 2125">
    <p class='ocr_par' dir='ltr' id='par_1_7' title="bbox 707 274 1542 406">
     <span class='ocr_line' id='line_1_7' title="bbox 751 274 1533 315; baseline -0.008 -7"><span class='ocrx_word' id='word_1_9' title='bbox 751 280 844 308; x_wconf 89' lang='lat' dir='ltr'>Haud</span> <span class='ocrx_word' id='word_1_10' title='bbox 861 288 951 308; x_wconf 91' lang='lat' dir='ltr'>secus</span> <span class='ocrx_word' id='word_1_11' title='bbox 967 288 1003 308; x_wconf 84' lang='lat' dir='ltr'>ex</span> <span class='ocrx_word' id='word_1_12' title='bbox 1019 277 1132 315; x_wconf 79' lang='lat' dir='ltr'>anguis</span> <span class='ocrx_word' id='word_1_13' title='bbox 1148 275 1298 306; x_wconf 89' lang='lat' dir='ltr'>Cadmaei</span> <span class='ocrx_word' id='word_1_14' title='bbox 1313 275 1460 304; x_wconf 83' lang='lat' dir='ltr'>dentibus</span> <span class='ocrx_word' id='word_1_15' title='bbox 1475 274 1533 303; x_wconf 85' lang='lat' dir='ltr'>orti</span> 
     </span>
     <span class='ocr_line' id='line_1_8' title="bbox 707 323 1542 368; baseline -0.007 -11"><span class='ocrx_word' id='word_1_16' title='bbox 707 329 834 368; x_wconf 84' lang='lat' dir='ltr'>Quosve</span> <span class='ocrx_word' id='word_1_17' title='bbox 850 328 892 357; x_wconf 85' lang='lat' dir='ltr'>ita</span> <span class='ocrx_word' id='word_1_18' title='bbox 909 332 1078 364; x_wconf 81' lang='lat' dir='ltr'>prognatos</span> <span class='ocrx_word' id='word_1_19' title='bbox 1095 326 1206 354; x_wconf 88' lang='lat' dir='ltr'>mirata</span> <span class='ocrx_word' id='word_1_20' title='bbox 1222 329 1270 354; x_wconf 86' lang='lat' dir='ltr'>est</span> <span class='ocrx_word' id='word_1_21' title='bbox 1286 323 1433 353; x_wconf 87' lang='lat' dir='ltr'>Colchica</span> <span class='ocrx_word' id='word_1_22' title='bbox 1449 323 1542 352; x_wconf 88' lang='lat' dir='ltr'>tellus</span> 
     </span>
     <span class='ocr_line' id='line_1_9' title="bbox 710 372 1408 406; baseline -0.009 0"><span class='ocrx_word' id='word_1_23' title='bbox 710 377 868 406; x_wconf 85' lang='lat' dir='ltr'>Fraternis</span> <span class='ocrx_word' id='word_1_24' title='bbox 885 377 914 405; x_wconf 86' lang='lat' dir='ltr'>in</span> <span class='ocrx_word' id='word_1_25' title='bbox 932 386 965 405; x_wconf 94' lang='lat' dir='ltr'>se</span> <span class='ocrx_word' id='word_1_26' title='bbox 981 375 1060 404; x_wconf 81' lang='lat' dir='ltr'>versi</span> <span class='ocrx_word' id='word_1_27' title='bbox 1078 374 1213 403; x_wconf 84' lang='lat' dir='ltr'><strong>cecidere</strong></span> <span class='ocrx_word' id='word_1_28' title='bbox 1231 373 1288 402; x_wconf 90' lang='lat' dir='ltr'>sub</span> <span class='ocrx_word' id='word_1_29' title='bbox 1303 372 1408 401; x_wconf 85' lang='lat' dir='ltr'>armis.</span> 
     </span>
    </p>

    <p class='ocr_par' dir='ltr' id='par_1_8' title="bbox 710 426 1489 462">
     <span class='ocr_line' id='line_1_10' title="bbox 710 426 1489 462; baseline -0.008 -7"><span class='ocrx_word' id='word_1_30' title='bbox 710 427 831 455; x_wconf 83' lang='lat' dir='ltr'>Interea</span> <span class='ocrx_word' id='word_1_31' title='bbox 847 434 977 462; x_wconf 90' lang='lat' dir='ltr'>quorum</span> <span class='ocrx_word' id='word_1_32' title='bbox 995 429 1043 453; x_wconf 86' lang='lat' dir='ltr'>est</span> <span class='ocrx_word' id='word_1_33' title='bbox 1059 428 1165 452; x_wconf 88' lang='lat' dir='ltr'>tantos</span> <span class='ocrx_word' id='word_1_34' title='bbox 1181 431 1368 459; x_wconf 88' lang='lat' dir='ltr'>componere</span> <span class='ocrx_word' id='word_1_35' title='bbox 1384 426 1489 450; x_wconf 90' lang='lat' dir='ltr'>motus</span> 
     </span>
    </p>

    <p class='ocr_par' dir='ltr' id='par_1_9' title="bbox 709 470 1711 754">
     <span class='ocr_line' id='line_1_11' title="bbox 709 470 1545 511; baseline -0.005 -7"><span class='ocrx_word' id='word_1_36' title='bbox 709 475 811 511; x_wconf 78' lang='lat' dir='ltr'>Reges</span> <span class='ocrx_word' id='word_1_37' title='bbox 828 483 890 502; x_wconf 89' lang='lat' dir='ltr'>non</span> <span class='ocrx_word' id='word_1_38' title='bbox 908 474 936 502; x_wconf 92' lang='lat' dir='ltr'>id</span> <span class='ocrx_word' id='word_1_39' title='bbox 952 478 1058 509; x_wconf 71' lang='lat' dir='ltr'>agunt,</span> <span class='ocrx_word' id='word_1_40' title='bbox 1076 471 1178 509; x_wconf 88' lang='lat' dir='ltr'>posito</span> <span class='ocrx_word' id='word_1_41' title='bbox 1194 477 1227 500; x_wconf 90' lang='lat' dir='ltr'>ut</span> <span class='ocrx_word' id='word_1_42' title='bbox 1243 470 1413 500; x_wconf 85' lang='lat' dir='ltr'>certamine</span> <span class='ocrx_word' id='word_1_43' title='bbox 1429 470 1545 500; x_wconf 85' lang='lat' dir='ltr'>Christi</span> 
     </span>
     <span class='ocr_line' id='line_1_12' title="bbox 710 520 1612 561; baseline -0.004 -9"><span class='ocrx_word' id='word_1_44' title='bbox 710 523 844 561; x_wconf 81' lang='lat' dir='ltr'>Mystica</span> <span class='ocrx_word' id='word_1_45' title='bbox 862 523 1001 551; x_wconf 83' lang='lat' dir='ltr'>membra</span> <span class='ocrx_word' id='word_1_46' title='bbox 1017 525 1126 558; x_wconf 84' lang='lat' dir='ltr'>optent</span> <span class='ocrx_word' id='word_1_47' title='bbox 1141 529 1254 557; x_wconf 90' lang='lat' dir='ltr'>corpus</span> <span class='ocrx_word' id='word_1_48' title='bbox 1269 520 1441 548; x_wconf 86' lang='lat' dir='ltr'>coalescere</span> <span class='ocrx_word' id='word_1_49' title='bbox 1458 520 1488 548; x_wconf 89' lang='lat' dir='ltr'>in</span> <span class='ocrx_word' id='word_1_50' title='bbox 1506 529 1612 549; x_wconf 90' lang='lat' dir='ltr'>unum.</span> 
     </span>
     <span class='ocr_line' id='line_1_13' title="bbox 709 568 1572 607; baseline -0.003 -6"><span class='ocrx_word' id='word_1_51' title='bbox 709 573 767 601; x_wconf 83' lang='lat' dir='ltr'>Ast</span> <span class='ocrx_word' id='word_1_52' title='bbox 783 572 861 600; x_wconf 85' lang='lat' dir='ltr'>aliae</span> <span class='ocrx_word' id='word_1_53' title='bbox 877 572 935 600; x_wconf 89' lang='lat' dir='ltr'>hos</span> <span class='ocrx_word' id='word_1_54' title='bbox 951 571 1071 607; x_wconf 81' lang='lat' dir='ltr'>agitant</span> <span class='ocrx_word' id='word_1_55' title='bbox 1087 579 1186 602; x_wconf 88' lang='lat' dir='ltr'>curae,</span> <span class='ocrx_word' id='word_1_56' title='bbox 1203 569 1276 606; x_wconf 90' lang='lat' dir='ltr'>quin</span> <span class='ocrx_word' id='word_1_57' title='bbox 1294 568 1422 597; x_wconf 87' lang='lat' dir='ltr'>flamma</span> <span class='ocrx_word' id='word_1_58' title='bbox 1439 578 1572 606; x_wconf 88' lang='lat' dir='ltr'>perenne</span> 
     </span>
     <span class='ocr_line' id='line_1_14' title="bbox 709 618 1711 655; baseline -0.003 -6"><span class='ocrx_word' id='word_1_59' title='bbox 709 622 806 649; x_wconf 89' lang='lat' dir='ltr'>Duret</span> <span class='ocrx_word' id='word_1_60' title='bbox 822 625 855 648; x_wconf 91' lang='lat' dir='ltr'>ut</span> <span class='ocrx_word' id='word_1_61' title='bbox 872 620 931 648; x_wconf 84' lang='lat' dir='ltr'>ista</span> <span class='ocrx_word' id='word_1_62' title='bbox 947 618 1097 647; x_wconf 81' lang='lat' dir='ltr'>adhibent</span> <span class='ocrx_word' id='word_1_63' title='bbox 1113 618 1314 655; x_wconf 85' lang='lat' dir='ltr'>studiumque</span> <span class='ocrx_word' id='word_1_64' title='bbox 1329 627 1517 655; x_wconf 86' lang='lat' dir='ltr'>operamque</span> <span class='ocrx_word' id='word_1_65' title='bbox 1534 626 1711 655; x_wconf 88' lang='lat' dir='ltr'>perennem.</span> 
     </span>
     <span class='ocr_line' id='line_1_15' title="bbox 709 667 1460 705; baseline -0.004 -6"><span class='ocrx_word' id='word_1_66' title='bbox 709 672 756 699; x_wconf 90' lang='lat' dir='ltr'>Tu</span> <span class='ocrx_word' id='word_1_67' title='bbox 773 679 844 699; x_wconf 76' lang='lat' dir='ltr'>vero</span> <span class='ocrx_word' id='word_1_68' title='bbox 861 669 1007 705; x_wconf 84' lang='lat' dir='ltr'>antiquae</span> <span class='ocrx_word' id='word_1_69' title='bbox 1023 668 1060 696; x_wconf 88' lang='lat' dir='ltr'>ad</span> <span class='ocrx_word' id='word_1_70' title='bbox 1079 667 1147 696; x_wconf 86' lang='lat' dir='ltr'>fidei</span> <span class='ocrx_word' id='word_1_71' title='bbox 1165 667 1322 704; x_wconf 86' lang='lat' dir='ltr'>primaeva</span> <span class='ocrx_word' id='word_1_72' title='bbox 1339 667 1460 696; x_wconf 86' lang='lat' dir='ltr'>reducis</span> 
     </span>
     <span class='ocr_line' id='line_1_16' title="bbox 711 715 1492 754; baseline -0.003 -8"><span class='ocrx_word' id='word_1_73' title='bbox 711 719 869 754; x_wconf 81' lang='lat' dir='ltr'>Dogmata</span> <span class='ocrx_word' id='word_1_74' title='bbox 885 722 914 745; x_wconf 88' lang='lat' dir='ltr'>et</span> <span class='ocrx_word' id='word_1_75' title='bbox 931 716 1018 744; x_wconf 86' lang='lat' dir='ltr'>unire</span> <span class='ocrx_word' id='word_1_76' title='bbox 1034 716 1110 744; x_wconf 88' lang='lat' dir='ltr'>haec</span> <span class='ocrx_word' id='word_1_77' title='bbox 1125 715 1248 744; x_wconf 88' lang='lat' dir='ltr'>conaris</span> <span class='ocrx_word' id='word_1_78' title='bbox 1263 715 1357 744; x_wconf 82' lang='lat' dir='ltr'>ovilia</span> <span class='ocrx_word' id='word_1_79' title='bbox 1374 725 1492 753; x_wconf 84' lang='lat' dir='ltr'>sparsa,</span> 
     </span>
    </p>

    <p class='ocr_par' dir='ltr' id='par_1_10' title="bbox 710 765 1503 851">
     <span class='ocr_line' id='line_1_17' title="bbox 710 765 1503 803; baseline -0.001 -8"><span class='ocrx_word' id='word_1_80' title='bbox 710 768 793 796; x_wconf 85' lang='lat' dir='ltr'>Dum</span> <span class='ocrx_word' id='word_1_81' title='bbox 811 776 872 795; x_wconf 85' lang='lat' dir='ltr'>non</span> <span class='ocrx_word' id='word_1_82' title='bbox 890 771 1031 803; x_wconf 86' lang='lat' dir='ltr'>pastores</span> <span class='ocrx_word' id='word_1_83' title='bbox 1047 765 1186 802; x_wconf 85' lang='lat' dir='ltr'>sequeris</span> <span class='ocrx_word' id='word_1_84' title='bbox 1202 774 1280 802; x_wconf 92' lang='lat' dir='ltr'>quos</span> <span class='ocrx_word' id='word_1_85' title='bbox 1296 765 1405 793; x_wconf 86' lang='lat' dir='ltr'>devius</span> <span class='ocrx_word' id='word_1_86' title='bbox 1421 775 1503 794; x_wconf 88' lang='lat' dir='ltr'>error</span> 
     </span>
     <span class='ocr_line' id='line_1_18' title="bbox 713 814 1443 851; baseline 0 -8"><span class='ocrx_word' id='word_1_87' title='bbox 713 815 813 844; x_wconf 79' lang='lat' dir='ltr'>Noxia</span> <span class='ocrx_word' id='word_1_88' title='bbox 831 814 946 843; x_wconf 80' lang='lat' dir='ltr'>diducit</span> <span class='ocrx_word' id='word_1_89' title='bbox 963 823 1016 851; x_wconf 89' lang='lat' dir='ltr'>per</span> <span class='ocrx_word' id='word_1_90' title='bbox 1032 823 1158 851; x_wconf 88' lang='lat' dir='ltr'>pascua,</span> <span class='ocrx_word' id='word_1_91' title='bbox 1175 814 1257 842; x_wconf 89' lang='lat' dir='ltr'>nuda</span> <span class='ocrx_word' id='word_1_92' title='bbox 1275 815 1326 842; x_wconf 90' lang='lat' dir='ltr'>sed</span> <span class='ocrx_word' id='word_1_93' title='bbox 1344 824 1443 851; x_wconf 88' lang='lat' dir='ltr'>usque</span> 
     </span>
    </p>

    <p class='ocr_par' dir='ltr' id='par_1_11' title="bbox 709 862 1511 900">
     <span class='ocr_line' id='line_1_19' title="bbox 709 862 1511 900; baseline -0.001 -7"><span class='ocrx_word' id='word_1_94' title='bbox 709 864 823 893; x_wconf 80' lang='lat' dir='ltr'>Christi</span> <span class='ocrx_word' id='word_1_95' title='bbox 841 868 1081 900; x_wconf 85' lang='lat' dir='ltr'>sanctorumque</span> <span class='ocrx_word' id='word_1_96' title='bbox 1097 862 1212 900; x_wconf 79' lang='lat' dir='ltr'>premis</span> <span class='ocrx_word' id='word_1_97' title='bbox 1228 862 1361 899; x_wconf 80' lang='lat' dir='ltr'>vestigia</span> <span class='ocrx_word' id='word_1_98' title='bbox 1378 868 1511 900; x_wconf 85' lang='lat' dir='ltr'>patrum.</span> 
     </span>
    </p>

    <p class='ocr_par' dir='ltr' id='par_1_12' title="bbox 710 911 1396 943">
     <span class='ocr_line' id='line_1_20' title="bbox 710 911 1396 943; baseline -0.003 -1"><span class='ocrx_word' id='word_1_99' title='bbox 710 914 736 943; x_wconf 92' lang='lat' dir='ltr'>O</span> <span class='ocrx_word' id='word_1_100' title='bbox 754 914 778 941; x_wconf 90' lang='lat' dir='ltr'>si</span> <span class='ocrx_word' id='word_1_101' title='bbox 795 912 976 941; x_wconf 78' lang='lat' dir='ltr'>consocies!</span> <span class='ocrx_word' id='word_1_102' title='bbox 1002 921 1063 940; x_wconf 93' lang='lat' dir='ltr'>non</span> <span class='ocrx_word' id='word_1_103' title='bbox 1081 912 1188 940; x_wconf 89' lang='lat' dir='ltr'>clauso</span> <span class='ocrx_word' id='word_1_104' title='bbox 1205 911 1312 940; x_wconf 87' lang='lat' dir='ltr'>limine</span> <span class='ocrx_word' id='word_1_105' title='bbox 1330 912 1396 940; x_wconf 88' lang='lat' dir='ltr'>Iani</span> 
     </span>
    </p>

    <p class='ocr_par' dir='ltr' id='par_1_13' title="bbox 709 961 1442 999">
     <span class='ocr_line' id='line_1_21' title="bbox 709 961 1442 999; baseline -0.001 -8"><span class='ocrx_word' id='word_1_106' title='bbox 709 963 880 999; x_wconf 71' lang='lat' dir='ltr'>Augustus,</span> <span class='ocrx_word' id='word_1_107' title='bbox 898 966 985 990; x_wconf 83' lang='lat' dir='ltr'>tanto</span> <span class='ocrx_word' id='word_1_108' title='bbox 1002 971 1062 989; x_wconf 92' lang='lat' dir='ltr'>non</span> <span class='ocrx_word' id='word_1_109' title='bbox 1081 961 1310 990; x_wconf 81' lang='lat' dir='ltr'>Constantinus</span> <span class='ocrx_word' id='word_1_110' title='bbox 1327 961 1442 990; x_wconf 85' lang='lat' dir='ltr'>honore</span> 
     </span>
    </p>

    <p class='ocr_par' dir='ltr' id='par_1_14' title="bbox 711 1009 1476 1047">
     <span class='ocr_line' id='line_1_22' title="bbox 711 1009 1476 1047; baseline -0.003 -7"><span class='ocrx_word' id='word_1_111' title='bbox 711 1012 847 1047; x_wconf 66' lang='lat' dir='ltr'>Magnus</span> <span class='ocrx_word' id='word_1_112' title='bbox 864 1020 896 1039; x_wconf 82' lang='lat' dir='ltr'>se</span> <span class='ocrx_word' id='word_1_113' title='bbox 913 1010 1015 1044; x_wconf 82' lang='lat' dir='ltr'>iactet,</span> <span class='ocrx_word' id='word_1_114' title='bbox 1033 1014 1184 1047; x_wconf 89' lang='lat' dir='ltr'>quantum</span> <span class='ocrx_word' id='word_1_115' title='bbox 1204 1009 1368 1038; x_wconf 89' lang='lat' dir='ltr'>virtutibus</span> <span class='ocrx_word' id='word_1_116' title='bbox 1384 1010 1476 1038; x_wconf 87' lang='lat' dir='ltr'>addet</span> 
     </span>
    </p>

    <p class='ocr_par' dir='ltr' id='par_1_15' title="bbox 711 1058 1615 1293">
     <span class='ocr_line' id='line_1_23' title="bbox 712 1058 1585 1096; baseline -0.002 -6"><span class='ocrx_word' id='word_1_117' title='bbox 712 1062 780 1090; x_wconf 87' lang='lat' dir='ltr'>Hoc</span> <span class='ocrx_word' id='word_1_118' title='bbox 797 1060 940 1088; x_wconf 86' lang='lat' dir='ltr'>meritum</span> <span class='ocrx_word' id='word_1_119' title='bbox 958 1059 1139 1096; x_wconf 88' lang='lat' dir='ltr'>meritisque</span> <span class='ocrx_word' id='word_1_120' title='bbox 1154 1058 1217 1087; x_wconf 90' lang='lat' dir='ltr'>tuis</span> <span class='ocrx_word' id='word_1_121' title='bbox 1233 1059 1308 1088; x_wconf 89' lang='lat' dir='ltr'>haec</span> <span class='ocrx_word' id='word_1_122' title='bbox 1324 1059 1461 1087; x_wconf 84' lang='lat' dir='ltr'>maxima</span> <span class='ocrx_word' id='word_1_123' title='bbox 1477 1058 1585 1088; x_wconf 90' lang='lat' dir='ltr'>virtus.</span> 
     </span>
     <span class='ocr_line' id='line_1_24' title="bbox 711 1107 1501 1144; baseline -0.004 -6"><span class='ocrx_word' id='word_1_124' title='bbox 711 1110 776 1138; x_wconf 80' lang='lat' dir='ltr'>Nec</span> <span class='ocrx_word' id='word_1_125' title='bbox 793 1108 1003 1137; x_wconf 86' lang='lat' dir='ltr'>Constantino</span> <span class='ocrx_word' id='word_1_126' title='bbox 1020 1113 1064 1136; x_wconf 91' lang='lat' dir='ltr'>tot</span> <span class='ocrx_word' id='word_1_127' title='bbox 1081 1107 1214 1144; x_wconf 87' lang='lat' dir='ltr'>pectoris</span> <span class='ocrx_word' id='word_1_128' title='bbox 1231 1107 1328 1135; x_wconf 90' lang='lat' dir='ltr'>indita</span> <span class='ocrx_word' id='word_1_129' title='bbox 1344 1108 1501 1144; x_wconf 91' lang='lat' dir='ltr'>quondam</span> 
     </span>
     <span class='ocr_line' id='line_1_25' title="bbox 711 1156 1591 1194; baseline -0.003 -7"><span class='ocrx_word' id='word_1_130' title='bbox 711 1159 841 1187; x_wconf 84' lang='lat' dir='ltr'>Munera</span> <span class='ocrx_word' id='word_1_131' title='bbox 858 1163 932 1194; x_wconf 88' lang='lat' dir='ltr'>quot</span> <span class='ocrx_word' id='word_1_132' title='bbox 948 1157 1001 1186; x_wconf 89' lang='lat' dir='ltr'>tibi</span> <span class='ocrx_word' id='word_1_133' title='bbox 1020 1162 1093 1185; x_wconf 91' lang='lat' dir='ltr'>sunt</span> <span class='ocrx_word' id='word_1_134' title='bbox 1109 1161 1242 1194; x_wconf 88' lang='lat' dir='ltr'>praesto,</span> <span class='ocrx_word' id='word_1_135' title='bbox 1260 1156 1285 1184; x_wconf 89' lang='lat' dir='ltr'>si</span> <span class='ocrx_word' id='word_1_136' title='bbox 1301 1157 1473 1193; x_wconf 84' lang='lat' dir='ltr'>expendere</span> <span class='ocrx_word' id='word_1_137' title='bbox 1489 1156 1591 1185; x_wconf 91' lang='lat' dir='ltr'>saecla</span> 
     </span>
     <span class='ocr_line' id='line_1_26' title="bbox 711 1205 1615 1244; baseline -0.002 -9"><span class='ocrx_word' id='word_1_138' title='bbox 711 1207 797 1236; x_wconf 86' lang='lat' dir='ltr'>Haec</span> <span class='ocrx_word' id='word_1_139' title='bbox 814 1216 956 1244; x_wconf 84' lang='lat' dir='ltr'>perversa</span> <span class='ocrx_word' id='word_1_140' title='bbox 974 1206 1088 1240; x_wconf 86' lang='lat' dir='ltr'>sinant,</span> <span class='ocrx_word' id='word_1_141' title='bbox 1106 1215 1185 1243; x_wconf 88' lang='lat' dir='ltr'>quae</span> <span class='ocrx_word' id='word_1_142' title='bbox 1202 1205 1291 1240; x_wconf 85' lang='lat' dir='ltr'>bella,</span> <span class='ocrx_word' id='word_1_143' title='bbox 1309 1206 1368 1234; x_wconf 84' lang='lat' dir='ltr'>heu</span> <span class='ocrx_word' id='word_1_144' title='bbox 1386 1205 1508 1234; x_wconf 88' lang='lat' dir='ltr'>horrida</span> <span class='ocrx_word' id='word_1_145' title='bbox 1525 1205 1615 1239; x_wconf 88' lang='lat' dir='ltr'>bella,</span> 
     </span>
     <span class='ocr_line' id='line_1_27' title="bbox 712 1253 1459 1293; baseline -0.004 -9"><span class='ocrx_word' id='word_1_146' title='bbox 712 1255 879 1293; x_wconf 89' lang='lat' dir='ltr'>Irrequieto</span> <span class='ocrx_word' id='word_1_147' title='bbox 895 1255 1015 1291; x_wconf 72' lang='lat' dir='ltr'>agitant</span> <span class='ocrx_word' id='word_1_148' title='bbox 1032 1254 1138 1283; x_wconf 86' lang='lat' dir='ltr'>animo</span> <span class='ocrx_word' id='word_1_149' title='bbox 1155 1254 1303 1291; x_wconf 87' lang='lat' dir='ltr'>pacisque</span> <span class='ocrx_word' id='word_1_150' title='bbox 1321 1253 1459 1282; x_wconf 86' lang='lat' dir='ltr'>recidunt</span> 
     </span>
    </p>

    <p class='ocr_par' dir='ltr' id='par_1_16' title="bbox 711 1302 1612 1436">
     <span class='ocr_line' id='line_1_28' title="bbox 711 1302 1612 1341; baseline -0.002 -8"><span class='ocrx_word' id='word_1_151' title='bbox 711 1305 839 1334; x_wconf 83' lang='lat' dir='ltr'>Semina</span> <span class='ocrx_word' id='word_1_152' title='bbox 856 1304 964 1341; x_wconf 81' lang='lat' dir='ltr'>prima,</span> <span class='ocrx_word' id='word_1_153' title='bbox 981 1313 1075 1332; x_wconf 85' lang='lat' dir='ltr'>unam</span> <span class='ocrx_word' id='word_1_154' title='bbox 1093 1308 1230 1332; x_wconf 85' lang='lat' dir='ltr'>mentem</span> <span class='ocrx_word' id='word_1_155' title='bbox 1247 1308 1278 1332; x_wconf 89' lang='lat' dir='ltr'>et</span> <span class='ocrx_word' id='word_1_156' title='bbox 1293 1312 1344 1332; x_wconf 90' lang='lat' dir='ltr'>cor</span> <span class='ocrx_word' id='word_1_157' title='bbox 1359 1302 1489 1331; x_wconf 89' lang='lat' dir='ltr'>caelitus</span> <span class='ocrx_word' id='word_1_158' title='bbox 1505 1312 1612 1331; x_wconf 90' lang='lat' dir='ltr'>unum.</span> 
     </span>
     <span class='ocr_line' id='line_1_29' title="bbox 711 1352 1514 1390; baseline -0.002 -8"><span class='ocrx_word' id='word_1_159' title='bbox 711 1354 772 1383; x_wconf 90' lang='lat' dir='ltr'>Sed</span> <span class='ocrx_word' id='word_1_160' title='bbox 789 1353 874 1390; x_wconf 87' lang='lat' dir='ltr'>pacis</span> <span class='ocrx_word' id='word_1_161' title='bbox 890 1353 1051 1382; x_wconf 84' lang='lat' dir='ltr'>studiosus</span> <span class='ocrx_word' id='word_1_162' title='bbox 1067 1361 1164 1386; x_wconf 86' lang='lat' dir='ltr'>amor,</span> <span class='ocrx_word' id='word_1_163' title='bbox 1182 1352 1235 1380; x_wconf 89' lang='lat' dir='ltr'>sed</span> <span class='ocrx_word' id='word_1_164' title='bbox 1251 1352 1375 1380; x_wconf 81' lang='lat' dir='ltr'>dextera</span> <span class='ocrx_word' id='word_1_165' title='bbox 1392 1361 1514 1389; x_wconf 88' lang='lat' dir='ltr'>semper</span> 
     </span>
     <span class='ocr_line' id='line_1_30' title="bbox 712 1400 1482 1436; baseline -0.004 -5"><span class='ocrx_word' id='word_1_166' title='bbox 712 1404 858 1436; x_wconf 81' lang='lat' dir='ltr'>Innocua,</span> <span class='ocrx_word' id='word_1_167' title='bbox 876 1412 910 1431; x_wconf 87' lang='lat' dir='ltr'>ac</span> <span class='ocrx_word' id='word_1_168' title='bbox 927 1402 1042 1430; x_wconf 88' lang='lat' dir='ltr'>mentis</span> <span class='ocrx_word' id='word_1_169' title='bbox 1059 1411 1112 1430; x_wconf 88' lang='lat' dir='ltr'>seu</span> <span class='ocrx_word' id='word_1_170' title='bbox 1129 1401 1176 1430; x_wconf 83' lang='lat' dir='ltr'>vis</span> <span class='ocrx_word' id='word_1_171' title='bbox 1193 1401 1245 1429; x_wconf 84' lang='lat' dir='ltr'>illa</span> <span class='ocrx_word' id='word_1_172' title='bbox 1263 1400 1366 1435; x_wconf 85' lang='lat' dir='ltr'>insita,</span> <span class='ocrx_word' id='word_1_173' title='bbox 1382 1409 1482 1430; x_wconf 89' lang='lat' dir='ltr'>rerum</span> 
     </span>
    </p>

    <p class='ocr_par' dir='ltr' id='par_1_17' title="bbox 711 1450 1429 1488">
     <span class='ocr_line' id='line_1_31' title="bbox 711 1450 1429 1488; baseline -0.004 -7"><span class='ocrx_word' id='word_1_174' title='bbox 711 1453 772 1481; x_wconf 89' lang='lat' dir='ltr'>Seu</span> <span class='ocrx_word' id='word_1_175' title='bbox 790 1452 884 1487; x_wconf 71' lang='lat' dir='ltr'>longo</span> <span class='ocrx_word' id='word_1_176' title='bbox 899 1451 1027 1480; x_wconf 85' lang='lat' dir='ltr'>collecta</span> <span class='ocrx_word' id='word_1_177' title='bbox 1045 1461 1102 1479; x_wconf 90' lang='lat' dir='ltr'>usu</span> <span class='ocrx_word' id='word_1_178' title='bbox 1120 1450 1293 1488; x_wconf 84' lang='lat' dir='ltr'>prudentia,</span> <span class='ocrx_word' id='word_1_179' title='bbox 1310 1454 1429 1478; x_wconf 89' lang='lat' dir='ltr'>certant</span> 
     </span>
    </p>

    <p class='ocr_par' dir='ltr' id='par_1_18' title="bbox 709 1499 1536 1734">
     <span class='ocr_line' id='line_1_32' title="bbox 709 1499 1529 1534; baseline -0.004 -4"><span class='ocrx_word' id='word_1_180' title='bbox 709 1501 754 1530; x_wconf 85' lang='lat' dir='ltr'>Te</span> <span class='ocrx_word' id='word_1_181' title='bbox 771 1502 912 1530; x_wconf 86' lang='lat' dir='ltr'>decorare</span> <span class='ocrx_word' id='word_1_182' title='bbox 928 1501 1016 1534; x_wconf 82' lang='lat' dir='ltr'>adeo,</span> <span class='ocrx_word' id='word_1_183' title='bbox 1034 1506 1065 1528; x_wconf 90' lang='lat' dir='ltr'>ut</span> <span class='ocrx_word' id='word_1_184' title='bbox 1082 1499 1209 1528; x_wconf 88' lang='lat' dir='ltr'>dubium</span> <span class='ocrx_word' id='word_1_185' title='bbox 1227 1499 1401 1528; x_wconf 89' lang='lat' dir='ltr'>diademate</span> <span class='ocrx_word' id='word_1_186' title='bbox 1417 1508 1468 1528; x_wconf 79' lang='lat' dir='ltr'>rex</span> <span class='ocrx_word' id='word_1_187' title='bbox 1485 1499 1529 1528; x_wconf 87' lang='lat' dir='ltr'>sis</span> 
     </span>
     <span class='ocr_line' id='line_1_33' title="bbox 712 1548 1481 1586; baseline -0.004 -7"><span class='ocrx_word' id='word_1_188' title='bbox 712 1550 812 1579; x_wconf 85' lang='lat' dir='ltr'>Maior</span> <span class='ocrx_word' id='word_1_189' title='bbox 827 1559 867 1578; x_wconf 89' lang='lat' dir='ltr'>an</span> <span class='ocrx_word' id='word_1_190' title='bbox 885 1550 1010 1585; x_wconf 73' lang='lat' dir='ltr'>ingenio</span> <span class='ocrx_word' id='word_1_191' title='bbox 1025 1559 1030 1580; x_wconf 89' lang='lat'>:</span> <span class='ocrx_word' id='word_1_192' title='bbox 1053 1559 1114 1586; x_wconf 91' lang='lat' dir='ltr'>quo</span> <span class='ocrx_word' id='word_1_193' title='bbox 1130 1559 1192 1577; x_wconf 92' lang='lat' dir='ltr'>non</span> <span class='ocrx_word' id='word_1_194' title='bbox 1211 1548 1380 1586; x_wconf 86' lang='lat' dir='ltr'>speciosior</span> <span class='ocrx_word' id='word_1_195' title='bbox 1395 1549 1481 1577; x_wconf 88' lang='lat' dir='ltr'>ardet</span> 
     </span>
     <span class='ocr_line' id='line_1_34' title="bbox 713 1597 1488 1637; baseline -0.004 -9"><span class='ocrx_word' id='word_1_196' title='bbox 713 1599 932 1637; x_wconf 82' lang='lat' dir='ltr'>Chrysolithus</span> <span class='ocrx_word' id='word_1_197' title='bbox 948 1599 1092 1635; x_wconf 80' lang='lat' dir='ltr'>quamvis</span> <span class='ocrx_word' id='word_1_198' title='bbox 1109 1598 1216 1626; x_wconf 74' lang='lat' dir='ltr'>nativo</span> <span class='ocrx_word' id='word_1_199' title='bbox 1233 1597 1387 1626; x_wconf 85' lang='lat' dir='ltr'>interlitus</span> <span class='ocrx_word' id='word_1_200' title='bbox 1403 1607 1488 1626; x_wconf 84' lang='lat' dir='ltr'>auro.</span> 
     </span>
     <span class='ocr_line' id='line_1_35' title="bbox 712 1646 1536 1685; baseline -0.002 -9"><span class='ocrx_word' id='word_1_201' title='bbox 712 1649 857 1685; x_wconf 83' lang='lat' dir='ltr'>Namque</span> <span class='ocrx_word' id='word_1_202' title='bbox 874 1648 946 1676; x_wconf 88' lang='lat' dir='ltr'>illud</span> <span class='ocrx_word' id='word_1_203' title='bbox 963 1653 1050 1676; x_wconf 84' lang='lat' dir='ltr'>tanta</span> <span class='ocrx_word' id='word_1_204' title='bbox 1067 1647 1201 1675; x_wconf 85' lang='lat' dir='ltr'>illustrat</span> <span class='ocrx_word' id='word_1_205' title='bbox 1217 1646 1383 1676; x_wconf 90' lang='lat' dir='ltr'>clementia</span> <span class='ocrx_word' id='word_1_206' title='bbox 1400 1651 1433 1674; x_wconf 92' lang='lat' dir='ltr'>ut</span> <span class='ocrx_word' id='word_1_207' title='bbox 1449 1646 1536 1683; x_wconf 89' lang='lat' dir='ltr'>ipsos</span> 
     </span>
     <span class='ocr_line' id='line_1_36' title="bbox 713 1695 1489 1734; baseline -0.003 -8"><span class='ocrx_word' id='word_1_208' title='bbox 713 1698 780 1726; x_wconf 91' lang='lat' dir='ltr'>Imo</span> <span class='ocrx_word' id='word_1_209' title='bbox 796 1697 902 1725; x_wconf 85' lang='lat' dir='ltr'>hostes</span> <span class='ocrx_word' id='word_1_210' title='bbox 919 1706 1010 1734; x_wconf 86' lang='lat' dir='ltr'>super</span> <span class='ocrx_word' id='word_1_211' title='bbox 1026 1696 1157 1730; x_wconf 86' lang='lat' dir='ltr'>irradiet,</span> <span class='ocrx_word' id='word_1_212' title='bbox 1175 1695 1245 1724; x_wconf 90' lang='lat' dir='ltr'>licet</span> <span class='ocrx_word' id='word_1_213' title='bbox 1261 1695 1352 1724; x_wconf 89' lang='lat' dir='ltr'>obvia</span> <span class='ocrx_word' id='word_1_214' title='bbox 1368 1695 1406 1724; x_wconf 93' lang='lat' dir='ltr'>ab</span> <span class='ocrx_word' id='word_1_215' title='bbox 1422 1700 1489 1724; x_wconf 89' lang='lat' dir='ltr'>ortu</span> 
     </span>
    </p>

    <p class='ocr_par' dir='ltr' id='par_1_19' title="bbox 711 1744 1486 1783">
     <span class='ocr_line' id='line_1_37' title="bbox 711 1744 1486 1783; baseline -0.001 -9"><span class='ocrx_word' id='word_1_216' title='bbox 711 1747 750 1774; x_wconf 76' lang='lat' dir='ltr'>Et</span> <span class='ocrx_word' id='word_1_217' title='bbox 767 1746 873 1783; x_wconf 77' lang='lat' dir='ltr'>gravia</span> <span class='ocrx_word' id='word_1_218' title='bbox 888 1751 917 1774; x_wconf 88' lang='lat' dir='ltr'>et</span> <span class='ocrx_word' id='word_1_219' title='bbox 934 1745 1053 1773; x_wconf 86' lang='lat' dir='ltr'>vicibus</span> <span class='ocrx_word' id='word_1_220' title='bbox 1070 1744 1199 1782; x_wconf 90' lang='lat' dir='ltr'>repetita</span> <span class='ocrx_word' id='word_1_221' title='bbox 1216 1744 1349 1781; x_wconf 88' lang='lat' dir='ltr'>pericula</span> <span class='ocrx_word' id='word_1_222' title='bbox 1367 1744 1486 1773; x_wconf 87' lang='lat' dir='ltr'>multis.</span> 
     </span>
    </p>

    <p class='ocr_par' dir='ltr' id='par_1_20' title="bbox 713 1793 1637 1928">
     <span class='ocr_line' id='line_1_38' title="bbox 713 1793 1637 1831; baseline -0.001 -8"><span class='ocrx_word' id='word_1_223' title='bbox 713 1794 823 1831; x_wconf 89' lang='lat' dir='ltr'>Tuque</span> <span class='ocrx_word' id='word_1_224' title='bbox 839 1795 915 1823; x_wconf 88' lang='lat' dir='ltr'>adeo</span> <span class='ocrx_word' id='word_1_225' title='bbox 931 1803 982 1822; x_wconf 69' lang='lat' dir='ltr'>rex</span> <span class='ocrx_word' id='word_1_226' title='bbox 999 1803 1112 1830; x_wconf 81' lang='lat' dir='ltr'>magne</span> <span class='ocrx_word' id='word_1_227' title='bbox 1128 1794 1272 1829; x_wconf 76' lang='lat' dir='ltr'>agedum,</span> <span class='ocrx_word' id='word_1_228' title='bbox 1290 1793 1333 1822; x_wconf 91' lang='lat' dir='ltr'>sic</span> <span class='ocrx_word' id='word_1_229' title='bbox 1350 1802 1452 1830; x_wconf 81' lang='lat' dir='ltr'>perge,</span> <span class='ocrx_word' id='word_1_230' title='bbox 1469 1803 1526 1822; x_wconf 87' lang='lat' dir='ltr'>nec</span> <span class='ocrx_word' id='word_1_231' title='bbox 1541 1803 1637 1822; x_wconf 91' lang='lat' dir='ltr'>ausus</span> 
     </span>
     <span class='ocr_line' id='line_1_39' title="bbox 716 1842 1533 1881; baseline -0.002 -9"><span class='ocrx_word' id='word_1_232' title='bbox 716 1843 890 1881; x_wconf 85' lang='lat' dir='ltr'>Impediant</span> <span class='ocrx_word' id='word_1_233' title='bbox 908 1848 1033 1871; x_wconf 84' lang='lat' dir='ltr'>sanctos</span> <span class='ocrx_word' id='word_1_234' title='bbox 1049 1843 1210 1871; x_wconf 84' lang='lat' dir='ltr'>malesana</span> <span class='ocrx_word' id='word_1_235' title='bbox 1227 1852 1262 1870; x_wconf 90' lang='lat' dir='ltr'>ac</span> <span class='ocrx_word' id='word_1_236' title='bbox 1277 1842 1398 1870; x_wconf 87' lang='lat' dir='ltr'>hostica</span> <span class='ocrx_word' id='word_1_237' title='bbox 1415 1842 1533 1878; x_wconf 89' lang='lat' dir='ltr'>passim</span> 
     </span>
     <span class='ocr_line' id='line_1_40' title="bbox 715 1891 1506 1928; baseline -0.003 -6"><span class='ocrx_word' id='word_1_238' title='bbox 715 1892 863 1926; x_wconf 82' lang='lat' dir='ltr'>Consilia,</span> <span class='ocrx_word' id='word_1_239' title='bbox 880 1897 932 1920; x_wconf 84' lang='lat' dir='ltr'>aut</span> <span class='ocrx_word' id='word_1_240' title='bbox 949 1901 1026 1928; x_wconf 89' lang='lat' dir='ltr'>quae</span> <span class='ocrx_word' id='word_1_241' title='bbox 1043 1891 1107 1920; x_wconf 91' lang='lat' dir='ltr'>dira</span> <span class='ocrx_word' id='word_1_242' title='bbox 1124 1891 1229 1920; x_wconf 88' lang='lat' dir='ltr'>fovent</span> <span class='ocrx_word' id='word_1_243' title='bbox 1246 1891 1409 1920; x_wconf 83' lang='lat' dir='ltr'>molimina</span> <span class='ocrx_word' id='word_1_244' title='bbox 1425 1897 1506 1920; x_wconf 85' lang='lat' dir='ltr'>vota.</span> 
     </span>
    </p>

    <p class='ocr_par' dir='ltr' id='par_1_21' title="bbox 716 1939 1602 2026">
     <span class='ocr_line' id='line_1_41' title="bbox 716 1939 1602 1977; baseline -0.002 -7"><span class='ocrx_word' id='word_1_245' title='bbox 716 1942 748 1971; x_wconf 88' lang='lat' dir='ltr'>Si</span> <span class='ocrx_word' id='word_1_246' title='bbox 767 1942 853 1970; x_wconf 81' lang='lat' dir='ltr'>Deus</span> <span class='ocrx_word' id='word_1_247' title='bbox 869 1941 950 1970; x_wconf 85' lang='lat' dir='ltr'>haud</span> <span class='ocrx_word' id='word_1_248' title='bbox 966 1945 1082 1974; x_wconf 82' lang='lat' dir='ltr'>contra,</span> <span class='ocrx_word' id='word_1_249' title='bbox 1100 1940 1169 1977; x_wconf 89' lang='lat' dir='ltr'>quis</span> <span class='ocrx_word' id='word_1_250' title='bbox 1184 1945 1290 1969; x_wconf 88' lang='lat' dir='ltr'>contra</span> <span class='ocrx_word' id='word_1_251' title='bbox 1307 1940 1466 1977; x_wconf 80' lang='lat' dir='ltr'>insurgere</span> <span class='ocrx_word' id='word_1_252' title='bbox 1482 1939 1602 1969; x_wconf 86' lang='lat' dir='ltr'>tentet?</span> 
     </span>
     <span class='ocr_line' id='line_1_42' title="bbox 716 1989 1458 2026; baseline -0.004 -7"><span class='ocrx_word' id='word_1_253' title='bbox 716 1992 771 2020; x_wconf 90' lang='lat' dir='ltr'>Ille</span> <span class='ocrx_word' id='word_1_254' title='bbox 786 1996 857 2019; x_wconf 90' lang='lat' dir='ltr'>tuos</span> <span class='ocrx_word' id='word_1_255' title='bbox 873 1991 988 2025; x_wconf 85' lang='lat' dir='ltr'>hostes,</span> <span class='ocrx_word' id='word_1_256' title='bbox 1006 1999 1060 2018; x_wconf 88' lang='lat' dir='ltr'>ceu</span> <span class='ocrx_word' id='word_1_257' title='bbox 1077 1999 1145 2018; x_wconf 84' lang='lat' dir='ltr'>cera</span> <span class='ocrx_word' id='word_1_258' title='bbox 1162 1989 1305 2026; x_wconf 85' lang='lat' dir='ltr'>liquescit</span> <span class='ocrx_word' id='word_1_259' title='bbox 1322 1989 1359 2016; x_wconf 91' lang='lat' dir='ltr'>ab</span> <span class='ocrx_word' id='word_1_260' title='bbox 1376 1989 1458 2025; x_wconf 79' lang='lat' dir='ltr'>igne,</span> 
     </span>
    </p>

    <p class='ocr_par' dir='ltr' id='par_1_22' title="bbox 715 2038 1508 2125">
     <span class='ocr_line' id='line_1_43' title="bbox 715 2038 1494 2076; baseline -0.003 -7"><span class='ocrx_word' id='word_1_261' title='bbox 715 2041 842 2069; x_wconf 87' lang='lat' dir='ltr'>Coctilis</span> <span class='ocrx_word' id='word_1_262' title='bbox 858 2040 887 2068; x_wconf 90' lang='lat' dir='ltr'>in</span> <span class='ocrx_word' id='word_1_263' title='bbox 905 2049 1032 2076; x_wconf 85' lang='lat' dir='ltr'>scrupos</span> <span class='ocrx_word' id='word_1_264' title='bbox 1049 2044 1081 2067; x_wconf 92' lang='lat' dir='ltr'>ut</span> <span class='ocrx_word' id='word_1_265' title='bbox 1097 2043 1177 2067; x_wconf 88' lang='lat' dir='ltr'>testa</span> <span class='ocrx_word' id='word_1_266' title='bbox 1194 2038 1366 2072; x_wconf 82' lang='lat' dir='ltr'>resolvitur,</span> <span class='ocrx_word' id='word_1_267' title='bbox 1384 2047 1494 2067; x_wconf 89' lang='lat' dir='ltr'>omnes</span> 
     </span>
     <span class='ocr_line' id='line_1_44' title="bbox 715 2087 1508 2125; baseline -0.003 -7"><span class='ocrx_word' id='word_1_268' title='bbox 715 2091 860 2118; x_wconf 81' lang='lat' dir='ltr'>Conteret</span> <span class='ocrx_word' id='word_1_269' title='bbox 877 2094 968 2125; x_wconf 73' lang='lat' dir='ltr'>atquc</span> <span class='ocrx_word' id='word_1_270' title='bbox 985 2098 1059 2116; x_wconf 76' lang='lat' dir='ltr'>suae</span> <span class='ocrx_word' id='word_1_271' title='bbox 1076 2092 1199 2116; x_wconf 87' lang='lat' dir='ltr'>nectent</span> <span class='ocrx_word' id='word_1_272' title='bbox 1216 2087 1272 2115; x_wconf 79' lang='lat' dir='ltr'>sibi</span> <span class='ocrx_word' id='word_1_273' title='bbox 1291 2087 1365 2116; x_wconf 85' lang='lat' dir='ltr'>retia</span> <span class='ocrx_word' id='word_1_274' title='bbox 1382 2097 1508 2124; x_wconf 85' lang='lat' dir='ltr'>poenae.</span> 
     </span>
    </p>
   </div>
  </div>
 </body>
</html>
