1903 2724
83 677 116 696 10

589 203 686 235 JOHN
712 203 919 234 JOHNSTON.

322 283 423 312 Aurea
440 293 538 316 mens,
555 283 675 312 sincera
692 282 780 317 fides,
797 282 973 311 veneranda
991 288 1124 317 senecta,

366 333 492 361 Pectore
507 332 675 368 tranquillo
691 332 827 360 maxima
844 341 916 360 cura
935 331 1001 360 Dei.

321 382 396 411 Aevi
415 382 573 418 utriusque
590 381 663 409 olim
681 381 782 416 decus,
800 386 830 408 et
847 380 944 408 nostri
961 381 1055 409 decus
1072 380 1162 415 orbis,

359 432 439 460 Cum
457 431 522 460 deis
538 431 609 459 orbe
624 430 686 459 alio
703 430 826 459 saecula
842 439 924 458 nunc
941 429 1069 466 peragit.

744 505 785 532 11.

384 568 421 591 De
435 567 538 590 nornine
552 567 626 595 illius,
641 566 709 598 quod
722 567 850 598 significat
865 567 1022 590 Maculosam
1036 566 1137 590 silvam.

324 618 442 646 Silvius
459 617 506 646 hic
524 617 603 645 situs
619 622 665 646 est
683 617 824 645 maculae
840 617 988 650 sincerus,
1006 621 1035 644 et
1051 625 1158 645 exsors

362 667 388 696 A
405 667 534 702 macula,
553 667 698 703 quamvis
716 667 844 694 nomina
860 666 939 694 silva
955 665 1047 694 dedit.

325 716 384 745 Seu
403 715 523 744 fuerant
539 715 652 752 gentis,
670 725 723 744 seu
742 715 803 744 fors
820 715 973 744 obiecerat
990 714 1049 742 ista

367 765 512 800 Nomina,
529 765 616 793 abest
634 765 725 801 longe
742 764 790 793 hic
809 764 926 793 Silvius
943 762 986 803 [a]
1003 764 1134 792 macula.

734 839 794 866 111.

322 902 443 930 Aureus
460 902 508 930 hic
526 902 646 930 Ramus
663 902 824 930 maculoso
841 901 870 929 in
888 901 1026 937 tegmine
1043 901 1157 935 silvae;

369 951 454 980 Silva
471 951 521 979 ubi
539 960 622 979 nunc
641 951 759 979 Ramos
772 960 851 988 quae
868 950 943 979 ferat
960 951 1126 979 aureolos?

143 1017 210 1048 John
223 1017 419 1047 Spottiswoode,
433 1018 455 1041 b.
472 1024 540 1046 1510,
554 1016 677 1041 educated
690 1022 715 1040 at
727 1017 777 1041 and
791 1017 914 1047 graduate
926 1017 955 1040 of
967 1017 1106 1047 Glasgow2
1125 1017 1249 1040 ordained
1262 1017 1293 1048 by
1308 1018 1439 1044 Cranmer,

80 1057 239 1087 Archbisliop
252 1057 282 1080 os
297 1057 466 1087 Canterbury,
479 1057 557 1080 about
572 1058 648 1087 153&
667 1057 786 1080 returned
800 1062 826 1080 to
840 1057 963 1080 scotland
977 1057 1001 1080 in
1017 1064 1092 1087 1543;
1113 1057 1248 1088 presented
1264 1062 1290 1080 to
1303 1057 1395 1081 Calder
1407 1057 1440 1087 by

81 1098 118 1121 Sir
131 1098 217 1128 James
230 1097 384 1121 Sandilands
398 1097 422 1120 in
439 1100 513 1127 154b';
530 1098 620 1128 joined
633 1098 768 1122 reformers
787 1098 811 1121 in
829 1099 895 1127 1560.
931 1099 986 1121 One
1005 1098 1034 1121 of
1049 1098 1092 1121 the
1109 1106 1257 1129 composers
1275 1098 1304 1122 of
1319 1098 1361 1121 the
1375 1098 1440 1121 Con-

79 1139 174 1162 fes-sion
187 1139 216 1162 of
226 1139 300 1162 Faitli
314 1139 365 1162 and
380 1139 452 1162 Book
464 1139 493 1162 of
508 1139 648 1169 Discipline
663 1139 756 1169 (Knox,
769 1147 792 1170 p.
809 1140 873 1169 165).

427 1299 558 1330 XXIV.
586 1299 836 1331 IOHANNES
864 1299 1098 1331 RUPANVS.

83 1459 152 1481 1600.
187 1459 244 1482 Aet.
259 1459 297 1488 89.

86 1968 121 1987 10

285 1518 378 1547 Hunc
394 1519 549 1547 tumulum
565 1519 631 1554 tibi,
649 1525 755 1549 sancte
773 1520 881 1554 SeneX,
899 1520 1073 1556 tumulique
1090 1520 1221 1548 sacravit

326 1567 395 1596 Hos
412 1568 520 1597 titulos
538 1574 662 1598 nostrae
679 1569 831 1606 plurimus
848 1569 931 1598 urbis
947 1578 1042 1604 amor,

287 1616 325 1644 Et
343 1616 452 1653 pietas,
469 1626 561 1653 quam
579 1622 611 1646 tu
629 1617 764 1654 genuisti
783 1618 928 1654 providus
944 1617 1029 1652 olim,

326 1666 365 1694 Et
382 1671 468 1702 pater
483 1671 512 1694 et
529 1671 628 1695 rectae
645 1667 706 1695 dux
722 1667 919 1704 monitorque
936 1667 1012 1701 viae,

283 1715 342 1753 Qui
360 1715 452 1744 toties
469 1725 555 1745 sacro
573 1716 714 1746 sitientes
730 1722 853 1746 nectare
870 1723 992 1746 mentes

326 1764 474 1801 Replesti‚
491 1766 629 1794 aetheria
644 1772 768 1803 pectora
783 1772 813 1795 et
829 1767 994 1795 ambrosia.

286 1813 325 1842 Et
342 1819 370 1842 te
386 1824 465 1851 quae
481 1815 573 1844 toties
590 1815 776 1844 iaculantem
795 1815 925 1844 fulmina
942 1816 1026 1845 verbi

324 1863 430 1892 Audiit
447 1864 628 1893 horrescens
645 1864 716 1894 flere
732 1865 825 1893 etiam
844 1865 965 1900 meruit,

288 1912 370 1940 Urbs
387 1911 457 1941 felix
474 1913 550 1942 duce
566 1918 595 1942 te
610 1914 615 1941 !
640 1919 693 1942 tua
710 1914 735 1942 si
752 1914 887 1951 vestigia
903 1919 1037 1949 tanturn,

323 1962 423 1998 Atque
439 1961 516 1990 foret
533 1962 620 1999 parili
637 1962 722 1991 iussa
739 1972 846 1991 secura
862 1964 958 1999 gradu
972 1965 978 1991 !

286 2009 343 2038 Pro
360 2010 472 2046 quibus
488 2011 514 2039 O
531 2011 650 2039 meritis
666 2021 745 2048 quae
761 2012 886 2040 tandem
903 2012 998 2049 digna
1015 2011 1184 2048 rependat?

327 2059 403 2087 Sese
419 2059 534 2088 etenim
552 2060 649 2088 tantis
665 2070 720 2089 nec
737 2066 824 2097 putat
841 2071 910 2090 esse
927 2071 1040 2098 parem.

285 2108 372 2145 Quae
388 2108 498 2137 merito
515 2109 646 2138 indoluit
662 2111 819 2146 quondam
837 2110 971 2139 statione
989 2110 1102 2142 relicta,

325 2157 404 2185 Cum
422 2157 479 2186 sibi
495 2163 524 2187 te
540 2164 679 2195 ereptum
698 2159 850 2196 Principis
867 2160 937 2187 aula
956 2159 1037 2193 tulit,

146 1187 182 1210 13.
202 1180 272 1203 With
286 1188 300 1204 a
313 1181 442 1205 reference
455 1185 482 1204 to
494 1181 537 1204 the
550 1181 650 1204 famous
666 1188 774 1212 passage
786 1180 816 1204 of
829 1181 872 1204 the
886 1181 986 1204 Golden
1002 1181 1101 1211 Bough,
1115 1180 1205 1211 Virgil,
1218 1182 1280 1204 Aen.
1297 1181 1328 1203 vi.
1345 1181 1440 1210 136-44.

145 1375 204 1398 Sive
214 1376 330 1406 Cragius,
342 1375 511 1400 Ecclesiastes
521 1377 628 1407 primum
639 1376 836 1405 Aberdonensis,
845 1377 935 1401 deinde
951 1377 1054 1407 Regius.
1083 1377 1130 1400 Cui
1149 1377 1242 1408 S.P.Q.
1256 1377 1443 1400 Abredonensis

28 1430 31 1431 ν
80 1416 182 1440 nomine
203 1417 270 1440 hunc
288 1418 413 1441 tumulum
435 1418 557 1449 inscripsi,
575 1418 616 1449 qui
635 1418 722 1442 doctor
740 1418 866 1450 quondam
886 1426 957 1442 meus
975 1419 1037 1442 obiit
1055 1418 1095 1442 xii.
1116 1419 1238 1442 Decemb.
1253 1420 1328 1442 Anno
1342 1419 1443 1446 Christi,
