1903 2724
109 405 144 432 70

104 651 140 680 75

103 890 141 916 80

99 1134 135 1171 85

100 1389 138 1416 90

100 1635 135 1663 95

83 1880 136 1900 100

82 2125 135 2153 105

571 215 726 240 THOMAS
751 216 953 242 DEMPSTER.

290 296 415 333 Accepit
432 302 554 333 gratum
572 296 715 325 resolutis
731 297 856 325 ossibus
874 297 987 333 ignem.

289 347 429 384 Qualiter
445 356 604 383 aequaevo
621 346 782 381 religatam
801 346 928 382 palmite
945 347 1038 375 vitem

291 395 404 424 Ulmus
420 396 494 429 obit,
512 395 707 431 iungensque
724 405 835 423 nemus
851 395 1066 432 complectitur
1083 403 1163 424 arcte

290 445 420 472 Brachia
437 444 537 473 dilecti
555 444 662 480 trunci,
681 445 753 472 dum
771 443 879 472 fertilis
895 444 975 472 adsit

287 494 466 521 Autumnus
483 493 584 522 socios
601 494 740 529 gaudens
757 499 878 529 gestare
895 503 1045 527 racemos,

287 543 372 571 Talis
388 543 443 571 erit
462 543 608 571 iuvenum
626 548 708 572 certo
724 543 887 571 concordia
905 553 994 572 nexu.

288 593 359 620 Non
377 593 507 621 hederae
523 592 696 628 amplexus,
715 602 776 620 non
795 592 919 620 vincent
937 592 1023 620 basia
1040 592 1186 621 conchae.

289 641 428 678 Utraque
444 641 537 677 digna
554 641 675 675 domus,
693 641 853 677 titulisque
871 641 1004 677 insignis
1027 641 1119 669 avitis

289 690 466 718 Praeradiat
483 691 645 727 splendore
662 691 735 727 pari,
753 699 808 719 nec
824 691 922 719 dicere
939 696 1115 727 promptum

284 740 371 778 Quae
389 739 468 776 prior
484 745 535 768 aut
553 740 652 768 meriti
670 749 826 774 mensura,
843 745 896 768 aut
913 739 1061 776 temporis
1077 749 1164 768 aevo.

287 789 521 817 Drummondos
537 789 631 818 erexit
647 799 723 817 avos
740 789 896 825 quondam
915 789 1030 826 inclyta
1047 789 1145 816 virtus

286 838 419 866 Casibus
436 838 465 865 in
483 838 576 872 duris,
594 842 659 866 tum
676 847 746 866 cum
764 837 965 866 truculentior
981 837 1083 865 hostis

285 887 379 915 Arma
396 887 582 916 Caledonios
599 886 721 916 inferret
739 887 844 924 iniqua
858 896 910 923 per
926 896 1028 923 agros,

287 937 486 972 Sanguineas
504 937 634 965 Bellona
650 935 741 971 faces,
755 937 925 972 hastasque
946 935 1076 964 vibraret

286 985 403 1013 Insano
421 985 546 1013 Mavors
563 985 704 1022 strepitu,
722 985 894 1022 fluviosque
907 994 1012 1014 cruore

286 1034 415 1062 Mutans
430 1035 571 1063 caeruleo
587 1035 725 1063 misisset
743 1035 851 1064 nuntia
868 1035 946 1071 patri

286 1083 373 1112 Heu!
399 1093 502 1118 saeva,
520 1083 641 1113 infectis
658 1089 798 1112 truncata
814 1084 964 1112 cadavera
981 1083 1064 1112 rivis.

284 1133 358 1162 Inde
375 1132 460 1161 favor
476 1138 576 1162 certus
593 1133 764 1170 longinqua
780 1133 810 1161 in
828 1133 952 1162 saecula
970 1142 1087 1169 regum.

326 1182 405 1211 Ecce
421 1188 524 1211 autem
542 1183 717 1219 quaerenda
730 1182 796 1217 fuit,
814 1192 892 1219 quae
909 1187 1015 1211 ventre
1032 1182 1124 1210 beato

285 1231 397 1260 Ederet
415 1231 576 1260 haeredem
595 1231 716 1268 sceptri.
762 1231 827 1259 Iam
844 1236 925 1260 certa
942 1240 994 1268 per
1010 1239 1132 1265 omnes,

285 1281 328 1310 Ut
344 1291 423 1316 mos,
443 1282 586 1318 Europae
602 1282 744 1310 discurrit
760 1291 827 1310 cera
844 1286 999 1318 potentes,

284 1331 404 1359 Nuntia
420 1330 547 1359 formosi
565 1332 681 1366 vultus,
699 1331 887 1368 tabulaeque
905 1331 1050 1368 loquaces

284 1380 435 1408 Nativum
453 1381 618 1409 exhibuere
635 1380 738 1415 decus,
756 1380 808 1409 sed
826 1379 973 1416 principis
989 1380 1078 1408 ardor

283 1429 355 1458 Non
373 1430 451 1458 ultra
469 1429 584 1458 Oceani
603 1428 691 1463 fines,
709 1439 765 1457 sua
782 1438 886 1466 regna,
904 1434 1046 1465 vagatur.

284 1479 388 1515 Digna
404 1479 557 1507 Anabella
573 1479 648 1507 toris
665 1478 777 1516 legitur
793 1478 948 1516 regalibus
966 1487 1038 1511 una,

283 1529 365 1557 Olim
385 1529 535 1566 Fergusio
551 1538 685 1566 magnos
701 1528 836 1566 paritura
853 1533 993 1564 nepotes,

282 1577 436 1606 Ardentes
453 1587 583 1614 quorum
600 1578 739 1606 velarent
755 1582 896 1614 tempora
912 1585 1065 1613 gemmae,

282 1626 369 1664 Quas
385 1636 484 1663 neque
502 1627 674 1664 Septimius
690 1626 842 1663 princeps,
860 1635 959 1662 neque
976 1625 1102 1653 bellicus
1119 1625 1224 1654 horror

283 1675 426 1710 Saxonis,
444 1680 497 1704 aut
514 1675 607 1704 motis
624 1675 785 1704 temeravit
804 1675 910 1703 Pictus
926 1675 956 1702 in
974 1674 1078 1704 armis.

284 1725 331 1752 Ex
347 1725 404 1753 hac
421 1725 570 1753 invictum
587 1725 674 1754 ducis
690 1734 801 1761 genus,
818 1724 931 1761 inclyte
948 1723 1101 1760 princeps,

282 1773 307 1801 A
327 1783 388 1810 quo
404 1783 520 1810 magna
537 1774 612 1811 petit
630 1774 811 1802 iamdudum
830 1773 964 1809 Europa,
983 1772 1153 1800 Britannus

281 1822 338 1851 Cui
356 1823 454 1859 primo
471 1824 606 1851 mundus
622 1822 726 1851 iuncta
742 1822 859 1851 ditione
875 1823 1027 1856 cohaeret,

283 1871 344 1910 Qui
363 1872 489 1900 Scotum
507 1877 599 1908 atque
616 1872 752 1908 Anglum
771 1871 856 1899 nullo
872 1870 1049 1899 discrimine
1067 1869 1175 1902 nectis,

282 1921 325 1949 Ut
342 1921 454 1949 laetata
471 1930 562 1948 suum
577 1921 739 1949 submittat
758 1920 859 1948 Iernia
875 1924 1040 1956 sceptrum,

282 1969 426 1998 Forsitan
443 1975 472 1999 et
488 1971 565 1999 fines
582 1970 641 1998 alio
658 1971 715 1998 sub
732 1971 796 1998 sole
814 1970 960 1998 iacentes.

280 2018 339 2056 Qui
358 2019 382 2047 si
399 2019 570 2048 doctrinam
588 2024 719 2056 spectes,
737 2019 900 2047 contendis
919 2019 1067 2051 Homero,

282 2067 315 2096 Si
333 2077 465 2105 magnos
481 2068 577 2096 animi
595 2074 709 2103 motus,
727 2078 787 2096 non
805 2067 889 2096 cedis
908 2067 1028 2095 Achilli.

283 2116 323 2145 Se
339 2117 474 2153 reliquae
491 2117 605 2145 iactent
621 2122 732 2154 gentes
748 2117 828 2153 quod
846 2116 973 2144 nomina
986 2116 1112 2144 adornet

281 2165 354 2193 Sola
370 2167 469 2194 virum
486 2165 593 2201 virtus,
610 2176 680 2194 cum
698 2175 811 2194 saevus
828 2165 940 2202 praelia
959 2164 1085 2192 Mavors

1397 217 1432 245 01
