1903 2724
102 913 136 932 10

568 229 797 253 ALEXANDER
823 230 988 255 GARDEN.

401 309 638 341 TUMULUS
675 310 882 341 PATRICH
921 310 1102 342 FORBES
1112 311 1120 340 l
1131 311 1153 342 Ι.

596 393 711 424 [Forbes'
725 394 858 421 Funerals,
876 395 958 423 1635}

341 461 492 489 Conditus
508 461 565 490 hoc
582 461 712 496 tumulo,
730 460 813 489 fama
831 470 922 497 super
937 461 1062 489 aethera
1080 465 1182 495 notus,

384 510 559 544 Forbesius,
578 510 655 538 sacri
672 510 769 546 gloria
786 509 884 546 prima
900 510 993 539 chori.

339 559 491 587 Conditur
507 559 564 588 hoc
580 560 702 588 tumulo
718 559 828 596 plenus
844 559 997 595 gravitate
1013 569 1122 588 serena

381 608 504 643 Vultus,
518 614 547 638 et
566 609 698 646 insignis
714 619 783 638 cum
802 609 953 645 gravitate
970 609 1063 645 lepos

344 657 514 687 Nobilitate
531 663 652 695 potens,
670 659 785 696 lingua,
803 659 984 695 calamoque
1001 658 1144 691 disertus,

389 707 494 736 Mente
508 717 613 745 sagaX,
632 708 738 736 dextra
755 707 852 743 fortis,
869 712 898 736 et
912 717 1009 744 usque
1026 707 1102 744 pius.

340 756 450 785 Terror
466 762 531 786 erat
549 757 657 786 Latiae
674 757 791 792 turbae,
808 767 900 794 quam
919 756 1048 785 fulmine
1061 756 1146 785 vocis

384 805 519 841 Pressit3
542 811 573 834 ut
588 805 722 834 invictus
739 805 898 841 religionis
915 805 1012 834 Atlas.

342 853 433 882 Nunc
450 853 580 891 pretium
598 854 722 891 pietatis
739 854 841 888 habet,
855 863 937 882 nunc
953 863 1044 881 aurea
1060 853 1135 882 caeli

383 902 514 940 Templa
531 908 642 931 tenens
659 902 785 931 Christo
801 902 939 930 carmina
957 902 1037 930 laeta
1053 902 1145 931 canit.

341 952 442 990 Quam
461 961 546 980 sacer
562 951 611 980 hic
627 952 714 981 locus
731 957 777 980 est
793 954 797 980 !
821 956 938 988 quanto
954 951 1102 987 dignatus
1119 952 1234 980 honore
1249 952 1253 979 !

382 1001 442 1039 Qui
460 1001 570 1029 meruit
586 1000 663 1029 tanti
683 1000 840 1029 l'raesulis
856 999 994 1029 exuvias.

164 1089 185 1112 7.
208 1082 244 1113 By
257 1083 296 1106 his
309 1082 424 1113 writings
438 1082 542 1113 against
556 1083 598 1106 the
612 1082 750 1106 Catholics.

167 1130 203 1147 11.
222 1123 350 1154 dignatus,
366 1123 468 1154 passive
484 1131 566 1147 sense.
603 1123 673 1153 Virg.
687 1124 749 1147 Aen.
764 1123 797 1146 iii.
811 1129 866 1153 475.
