1903 2724
71 570 106 600 75

74 809 112 837 80

577 188 731 211 THOMAS
755 188 924 212 CARGILL.
1388 192 1424 223 33

236 268 275 296 Et
293 267 421 296 memori
439 277 561 304 semper
577 267 743 296 solvendas
761 273 881 304 pectore
898 274 1012 305 grates,
1029 274 1084 297 ete.

233 318 372 355 Quorum
390 317 569 346 recitatione
585 326 624 345 ne
640 326 734 354 quam
752 326 805 353 par
820 322 867 345 est
884 317 1026 354 prolixior
1043 318 1119 346 siem
1139 319 1331 354 supersedeo.

193 365 273 404 Quid
298 365 396 402 ipsius
419 365 646 393 humanitatem
671 370 700 394 et
723 366 875 402 πράοτητα,
900 365 929 394 in
955 375 1015 402 qua
1040 367 1180 394 obeunda
1207 367 1352 395 omnibus
1381 369 1425 396 sui

151 413 268 442 ordinis
286 414 469 442 mortalibus
486 414 593 442 multis
610 413 796 451 parasangis
812 415 1001 450 antecelluit,
1019 414 1167 443 efferam?
1216 415 1304 444 Delia
1328 417 1428 444 notior

153 472 214 491 non
249 463 378 492 canibus
412 463 511 500 ipsis,¹
541 473 634 500 quam
670 462 768 500 ipsius
801 473 873 499 erga
905 473 1016 492 omnes
1049 464 1232 500 quibuscum
1267 466 1427 494 consuevit

155 512 347 547 humanitas,
365 512 394 540 in
411 522 472 549 qua
487 512 671 542 celebranda
694 513 812 540 multus
836 522 898 542 non
921 523 980 549 ero,
999 513 1051 542 sed
1069 514 1149 550 quod
1166 513 1239 542 olim
1257 514 1428 543 Athanasio

152 561 373 591 Nazianzenus
399 562 504 591 tribuit
527 562 715 596 encomium,
734 562 813 590 idem
837 567 867 591 et
890 562 960 591 huic
984 567 1090 591 nostro
1113 563 1213 591 deberi
1239 562 1426 599 profitemur,

151 611 258 649 ὑψηλὸς
279 613 330 648 μὲν
350 613 408 642 τοῖς
430 612 529 649 ἔργοις,
552 611 680 642 ταπεινὸς
702 611 729 640 δὲ
752 612 919 649 φρονήματι,
944 616 1007 640 tarn
1031 611 1137 639 animo
1161 611 1255 645 mitis,
1274 611 1382 648 inquit,
1400 618 1429 640 et

153 661 309 689 demissus
331 670 425 699 quam
448 660 513 689 vita
536 660 690 689 sublimis.
746 660 894 696 Accessu,
919 660 1012 689 affatu
1036 660 1134 689 facilis
1158 660 1224 693 iste,
1249 666 1332 688 tanta
1357 670 1429 697 erga

153 709 312 738 inferiores
334 710 487 746 comitate,
507 709 536 738 in
560 709 678 738 amicos
700 714 753 738 aut
774 710 925 745 dignitate
948 710 1051 746 aliqua
1075 709 1229 746 praeditos
1249 710 1427 743 reverentia,

153 764 185 787 ut
208 759 354 788 omnibus
378 769 456 797 quos
479 759 631 788 acciverat
654 757 738 786 fama
761 759 908 794 nominis,
931 759 1006 787 nihil
1031 768 1167 787 amorem
1192 758 1294 793 magis
1317 768 1378 786 una
1400 764 1429 787 et

155 808 392 838 admirationem
417 808 654 846 ingeneraverit.

546 884 675 908 ¹Allusion
689 888 716 908 to
728 885 797 915 Virg.
811 884 866 909 Ecl.
881 885 913 909 iii.
926 885 966 915 67.
