1903 2724
84 452 138 479 130

86 698 136 725 ¹35

85 943 139 967 140

85 1186 137 1214 145

87 1433 141 1460 ¹50

88 1676 140 1705 155

91 1918 145 1944 160

92 2162 143 2196 165

539 212 695 235 WHMAM
725 212 789 234 wls!
799 212 815 235 ¹1
825 213 847 234 )Ι4
860 211 986 235 1-:1:['1<N.

325 294 477 331 Exemplo
496 294 608 322 Herois
625 299 749 322 careant
766 294 846 329 quod
864 292 958 322 ferrea
975 298 1062 321 tanto

323 343 418 371 Tanti
436 343 527 377 secla,
545 343 656 379 quibus
673 351 741 371 vere
758 342 804 370 vir
820 341 912 370 rarior
928 342 998 370 albo

325 393 380 420 Est
396 402 487 421 corvo
503 401 644 429 cygnove
661 391 749 427 nigro
766 400 859 427 prope
877 395 988 426 stagna
1006 390 1139 427 Caystri.

323 441 413 469 Anne
430 450 503 476 ergo
519 441 566 469 vel
583 450 705 469 currum
723 450 859 475 regerem
876 440 1015 468 lucemve
1033 439 1173 468 referrem

326 490 464 519 Invisam
483 490 557 518 mihi
577 490 637 518 iam
655 489 748 518 toties
765 494 901 517 terraeve
919 488 1051 526 polove?

325 539 364 567 Ni
383 549 432 568 me
447 539 520 568 olim
540 548 635 575 sacro,
655 539 804 574 phaeton,
823 543 895 566 tuus
912 538 1002 566 avius
1017 547 1098 566 error

325 589 406 617 Voto
422 588 618 617 astrinxisset
635 587 762 625 superis,
781 597 831 624 per
848 587 943 615 lurida
963 587 1046 615 Ditis

325 638 433 673 Regna
450 643 478 666 et
496 637 633 666 Tartarei
651 637 758 666 latices
776 636 992 673 Plilegetontis
1009 645 1141 664 amaros.

326 687 373 715 Ne
389 692 494 715 tamen
513 687 712 715 immemores
729 685 878 715 factorum
895 685 996 714 ducite
1015 685 1114 713 Divos

323 735 507 769 Tantorum,
526 736 674 764 subeatve
691 735 830 763 animum
849 744 897 764 me
913 734 1024 770 fallere,
1043 740 1142 762 sortes

326 784 474 813 Fatorum
492 784 614 821 quoties
631 784 730 813 veraci
748 789 853 813 mente
870 784 1002 812 recludo.

326 833 377 862 Me
394 833 517 862 fratrem
537 834 661 862 Phoebe
678 838 800 869 spernet
818 833 910 870 prius,
930 833 1020 868 ignea
1037 837 1132 869 ponto

326 882 432 910 Sidera
450 883 619 918 tingentur,
636 883 764 911 brumae
781 882 960 910 miscebitur
976 888 1091 915 aestas,

324 932 434 960 Vivida
451 932 575 960 virtutis
592 937 695 969 pereat
712 941 804 967 quam
823 931 905 959 sama
921 931 1058 959 celebris.

326 980 398 1008 Non
415 981 521 1008 anim-21
538 981 631 1009 tellus
648 980 742 1016 digna
759 985 806 1008 est
823 981 934 1008 domus
952 980 1075 1016 hospita
1093 982 1189 1009 tanta⁴

328 1029 486 1065 Degravat
503 1034 648 1063 erectam,
666 1028 842 1065 frangitque
859 1029 908 1056 ubi
926 1035 1024 1058 terrea
1042 1029 1140 1057 moles

326 1078 472 1115 Corporis
489 1078 694 1114 anxietasque
711 1078 815 1113 gravis
833 1078 996 1114 luctusque
1015 1078 1166 1113 laborque.

325 1127 453 1163 Optima
470 1136 610 1163 quaeque
626 1127 692 1155 dies
709 1127 830 1155 miseris
848 1126 898 1154 ubi
915 1126 1036 1163 diffugit
1053 1127 1120 1156 aevi

327 1175 438 1210 Prima,
457 1176 539 1204 subit
557 1176 690 1209 morbus,
710 1175 807 1204 morbi
825 1185 929 1204 comes
947 1175 1017 1204 inde
1035 1181 1159 1204 senecta

328 1224 448 1253 Efsoeta
464 1225 640 1253 accumulat
657 1225 714 1253 sibi
733 1225 817 1253 mille
834 1225 964 1253 subinde
981 1225 1111 1253 dolores.

325 1274 396 1303 Vita
413 1274 576 1302 hominum
595 1273 680 1301 fulvo
695 1274 839 1310 quamvis
856 1274 1050 1311 resplendeat
1067 1283 1140 1301 auro

327 1323 501 1360 Conspicue
518 1328 547 1351 et
563 1323 708 1359 gemmis,
725 1323 863 1351 celantur
878 1328 1029 1359 quotquot
1048 1323 1114 1351 Eoo

327 1374 461 1407 Oceano,
480 1372 625 1409 quamvis
642 1373 749 1400 titulos
767 1382 801 1400 ac
819 1378 986 1400 stemmata
1004 1372 1104 1403 iactet.

329 1422 461 1450 Exhibet
479 1421 613 1450 incautis
629 1423 727 1455 altien,
746 1421 849 1453 infida,
871 1421 993 1457 favique

329 1471 448 1499 Mellita
466 1471 620 1499 mollitum
639 1470 779 1498 animum
797 1471 959 1499 dulcedine
975 1470 1082 1507 perdit.

327 1519 430 1547 Altius
446 1524 607 1555 emergunt
625 1520 748 1548 animae
765 1520 852 1555 queis
868 1521 1001 1548 entheas
1018 1520 1075 1548 iste

331 1568 473 1605 Desuper
488 1567 605 1596 affulsit
621 1569 719 1605 vigor,
737 1568 916 1604 effinxitque
935 1569 1109 1598 Promethei

330 1618 464 1646 Dextera
480 1618 567 1654 queis
584 1627 695 1654 corpus
711 1618 838 1646 modulo
854 1619 979 1646 meliore
997 1619 1130 1654 lutoque.

330 1667 398 1695 Has
415 1667 558 1705 (simulac
575 1667 664 1695 terris
680 1667 823 1695 inviderit
841 1667 975 1704 Atropos
991 1676 1104 1695 occans

331 1716 423 1751 Licia,
442 1716 553 1745 vitales
569 1722 599 1744 et
615 1716 759 1745 clauserit
775 1715 910 1744 aetheris
927 1717 1082 1754 haustus),

330 1765 425 1801 Ignea
442 1766 489 1794 vis
506 1775 629 1794 sursum
648 1765 741 1799 vehit,
759 1771 787 1794 et
805 1775 896 1803 super
912 1766 1036 1795 aethera
1053 1766 1151 1794 laetae

331 1814 463 1852 Templa
479 1816 596 1848 colunt,
613 1825 699 1843 sacra
715 1815 832 1852 templa
847 1815 962 1850 colunt,
979 1815 1067 1851 queis
1084 1815 1238 1842 Thessala
1256 1813 1373 1849 Tempe

331 1864 492 1901 Elysiique
508 1865 597 1900 lares,
614 1870 644 1892 et
660 1863 816 1892 fortunata
832 1864 928 1892 vireta

331 1914 463 1948 Cedunt,
481 1919 513 1942 ut
531 1914 588 1942 soli
606 1914 761 1946 tenebrae,
778 1913 942 1942 mendacia
959 1922 1040 1942 vero.

330 1963 452 1991 Gaudia
469 1972 540 1991 vera
557 1962 657 1991 fluunt
674 1962 724 1990 ubi
743 1962 886 1999 plurima,
903 1962 1006 1998 qualia
1023 1961 1138 1990 mentis

330 2012 474 2048 Angusta
491 2012 648 2040 humanae
665 2011 767 2048 capiat
783 2021 845 2039 non
862 2011 1000 2047 capsula,
1017 2016 1133 2046 quanta

332 2060 456 2097 Lyncea
473 2070 534 2089 non
552 2061 634 2089 acies
651 2061 764 2094 videat,
782 2070 843 2088 non
860 2060 986 2088 auribus
1003 2060 1085 2087 ullus

334 2109 466 2137 Hauriat
483 2109 620 2144 attentis,
640 2119 701 2138 non
719 2109 826 2145 lingua
842 2108 1027 2145 expresserit
1043 2108 1115 2136 ulla.

334 2158 420 2186 Haec
436 2167 492 2186 vos
509 2168 580 2195 spes
597 2158 706 2187 foveat.

755 2158 903 2186 Maeroris
920 2157 1022 2194 pellite
1039 2158 1137 2186 nubes

1374 212 1436 242 -ΗΞ
