1883 2730
471 196 538 226 410

473 287 529 304 200

473 530 526 558 ²05

873 195 968 218 MUSA
996 193 1130 217 LATINA
1158 192 1436 216 ABERDONENSIS.

715 276 854 306 Sublatis
869 281 908 310 te,
927 274 1059 308 Christe,
1077 283 1173 302 unum
1191 279 1220 302 te
1238 273 1344 310 spirat,
1361 273 1400 301 ab
1416 282 1478 301 uno

714 325 759 354 Te
776 325 887 362 pendet
904 333 1034 360 seseque
1050 323 1104 352 tibi
1120 332 1155 351 ac
1173 332 1228 350 sua
1245 327 1365 358 sceptra
1382 321 1528 358 resignat.

716 374 799 403 Hinc
815 375 888 403 dum
906 372 1098 401 immortales
1116 371 1284 408 praesentit
1301 375 1423 407 pectore
1439 374 1554 404 motus,

714 422 906 459 Miraturque
923 430 1022 450 novae
1039 419 1227 458 praenuncia
1244 419 1357 455 gaudia
1373 419 1464 453 vitae,

716 472 840 501 Sensim
857 471 996 499 animam
1013 469 1146 504 exhalat,
1165 468 1283 497 sensim
1300 468 1429 502 decedit,
1447 473 1477 496 et
1493 468 1555 496 una

715 520 819 548 Induit
835 525 977 548 aeternos
995 518 1051 546 sub
1069 517 1206 553 imagine
1222 517 1331 546 mortis
1347 517 1492 550 honores,

714 569 864 606 Angelico
879 568 1049 597 comitante
1065 567 1160 595 choro
1175 571 1327 604 coetuque
1345 570 1494 602 sequente

714 618 910 651 Caelituum;
934 625 1064 653 quorum
1081 615 1132 652 qui
1150 615 1308 652 proximus
1325 614 1499 648 intervallo,

717 666 884 703 Belgarum
902 665 1104 702 Armipotens
1123 664 1226 693 Heros
1244 664 1423 698 Mauricius,
1440 663 1525 692 omni

716 715 756 743 Et
772 715 853 743 vitae
869 720 898 743 et
915 714 1024 742 mortis
1041 714 1170 742 sociarat
1187 712 1307 742 foedere
1323 713 1428 750 gentis

718 765 884 793 Humanae
901 763 1028 792 miracla
1045 764 1115 797 duo,
1134 772 1187 791 seu
1205 763 1285 791 bella
1300 763 1435 799 gerenda

717 814 859 848 Horrida,
877 823 931 842 seu
949 813 1034 850 pacis
1050 817 1161 842 coeant
1177 813 1234 840 sub
1251 812 1372 849 legibus
1388 813 1505 841 hostes.

757 863 877 891 Interea
894 863 989 890 vitam
1008 862 1037 890 in
1054 861 1189 890 tenebris
1206 861 1350 897 luctuque
1366 861 1525 889 trahentes

714 912 862 946 Aonidas,
880 911 1016 948 gemitus
1033 911 1199 947 largosque
1214 909 1370 939 effundere
1388 909 1478 938 fletus

714 962 844 989 Cernere
861 965 933 989 erat.
980 960 1052 988 Non
1069 959 1166 988 aurati
1183 959 1243 988 iam
1262 959 1372 996 pollice
1387 958 1492 996 plectri

720 1010 786 1038 Fila
803 1018 926 1039 movere
944 1009 1004 1037 illis
1020 1018 1111 1038 curae
1127 1014 1184 1037 est.
1229 1008 1255 1036 A
1271 1008 1384 1036 vertice
1401 1008 1506 1036 laurus

717 1059 826 1088 Reiicit
844 1059 908 1096 ipse
926 1068 1029 1087 sacras
1048 1058 1200 1088 Phoebus
1247 1058 1328 1087 Ferit
1345 1067 1437 1086 aurea
1453 1058 1569 1086 clamor

715 1109 832 1142 Sidera,
850 1109 922 1137 dum
942 1108 1083 1144 Dryades
1100 1107 1213 1136 statuis
1230 1107 1301 1136 hinc
1320 1107 1427 1136 oscula
1446 1106 1541 1143 Regis

716 1158 846 1186 Fixurae
864 1162 1021 1193 nequeunt
1039 1157 1206 1194 lachrymis
1223 1166 1355 1192 aequare
1371 1156 1518 1189 dolorem,

717 1207 793 1235 Inde
809 1206 891 1235 cient
907 1205 997 1235 fletus
1013 1211 1043 1235 et
1059 1215 1185 1234 cassum
1203 1205 1320 1234 lumine
1337 1206 1445 1241 lugent

716 1256 872 1291 Nereides,
890 1265 952 1283 non
970 1255 1030 1283 iani
1049 1253 1127 1283 susis
1143 1255 1305 1283 devolvere
1322 1263 1418 1291 pensa

716 1305 824 1333 Mollia
841 1305 1010 1339 sollicitae3
1033 1304 1153 1340 lugubri
1170 1304 1307 1332 carmine
1323 1309 1448 1332 montes

716 1355 788 1382 Non
805 1363 928 1383 caruere
945 1363 1012 1388 suo,
1030 1363 1090 1382 non
1108 1353 1203 1387 durni,
1220 1362 1281 1381 non
1297 1353 1457 1390 cyparissi.

717 1404 862 1440 Dumque
879 1403 961 1440 lyrae
978 1402 1081 1431 nervis
1097 1407 1253 1431 moestum
1271 1407 1299 1430 et
1317 1400 1536 1438 lachrymabile
1552 1409 1675 1429 carmen

716 1453 964 1488 Innumerosque
980 1461 1054 1480 suos
1071 1460 1218 1480 numeros
1234 1451 1366 1480 intendit
1385 1451 1482 1484 Ierne,

715 1502 804 1531 Pardi
822 1502 914 1536 illinc,
932 1501 1015 1530 illinc
1032 1501 1088 1538 ipsi
1107 1500 1284 1537 ingemuere
1301 1500 1416 1535 leoneS,

717 1551 797 1580 Lilia
815 1551 875 1579 iam
894 1551 1054 1586 languent,
1070 1555 1185 1578 marcet
1203 1558 1281 1583 rosa,
1298 1549 1430 1578 carduus
1445 1553 1520 1577 aret.

717 1600 862 1636 Dumque
878 1609 972 1628 cavae
989 1599 1085 1627 valles
1101 1604 1130 1627 et
1146 1598 1276 1626 flumina
1294 1598 1420 1626 sedibus
1437 1597 1509 1626 imis

717 1650 816 1678 Caeca
833 1649 1006 1677 volutarent
1022 1653 1051 1676 et
1068 1647 1168 1676 tristia
1184 1656 1353 1681 murmura,
1373 1646 1498 1679 Fortha,

717 1698 832 1726 Fortha
849 1703 943 1734 pater,
961 1697 1019 1725 ruit
1037 1697 1067 1725 in
1085 1696 1232 1730 medium,
1250 1695 1392 1732 factoque
1409 1701 1534 1732 repente

714 1746 848 1784 Agmine
864 1751 1026 1775 ventorum
1043 1745 1162 1774 caelum
1181 1745 1316 1781 undique
1332 1750 1362 1773 et
1378 1744 1514 1781 undique
1531 1749 1659 1780 pontum

718 1795 855 1828 Miscuit,
872 1795 1099 1832 impatiensque
1116 1794 1163 1822 sui
1179 1794 1356 1830 ratiumque
1373 1793 1599 1830 hominumque

718 1845 880 1873 Damnosa
897 1843 1011 1872 insoliti
1027 1843 1109 1872 dedit
1126 1848 1309 1879 argumenta
1326 1842 1449 1871 doloris.

718 1893 839 1926 Parcae,
856 1893 949 1921 etiam
969 1892 1091 1927 Parcae,
1109 1892 1274 1920 doluerunt
1292 1900 1432 1928 rumpere
1449 1891 1535 1927 leges

715 1943 804 1980 Quod
821 1951 882 1970 non
901 1940 947 1969 fas
964 1941 1082 1978 positas
1098 1946 1128 1969 et
1144 1939 1207 1968 fata
1224 1940 1384 1968 excludere
1400 1939 1482 1969 fatis.

715 1992 879 2020 Parcarum
896 1996 925 2020 et
941 1990 1058 2027 gemitu
1075 1995 1104 2019 et
1120 1989 1288 2027 lachrymis
1304 1990 1508 2026 Charitesque
1526 1989 1670 2026 Deaeque

717 2040 882 2077 Excipiunt
898 2039 1042 2075 gemitus.
1090 2039 1193 2067 Prima
1209 2038 1258 2067 hic
1275 2039 1416 2073 Astraea,
1433 2047 1601 2074 comesque

715 2089 864 2118 Astraeae
881 2088 1065 2117 intemerata
1083 2087 1185 2122 Fides,
1204 2087 1381 2124 laniataque
1398 2092 1507 2124 pectus

717 2137 845 2174 Religio.
890 2137 1003 2166 Verum
1021 2142 1092 2166 ante
1109 2136 1186 2165 alias
1202 2137 1369 2175 Donacque
1385 2136 1528 2175 Dracquc
