1903 2724
78 299 114 328 50

82 784 120 810 60

89 1284 125 1311 70

92 1530 127 1558 75

97 1767 134 1794 80

561 211 714 235 THOMAS
741 212 943 235 1112MPS‘1‘15R.

282 290 382 318 Roma
398 290 597 327 triumphatis
615 296 743 327 utroque
759 301 776 319 a
792 291 915 319 cardine
932 291 1029 320 terris.

280 340 353 368 Mox
370 346 399 368 et
419 341 551 369 Romani
569 341 713 377 quatiens
732 341 956 369 Demosthenis
972 351 1066 375 arina,

283 388 398 417 Iudicis
415 389 566 418 attonitos
584 389 660 426 rapit
679 390 707 417 in
727 399 781 417 sua
800 390 934 426 pondera
952 399 1064 418 sensns

281 438 351 475 Quo
368 438 459 474 Iubet,
477 444 569 475 atquc
586 439 708 467 animos
725 438 830 467 faciles
848 437 1002 476 flectitque
1019 444 1191 475 movetque,

283 487 354 515 Sive
371 487 466 516 cliens
484 488 599 524 patrios
615 497 728 516 census
745 493 774 516 et
792 488 856 516 iura
874 487 1014 524 reposcit,

282 536 342 564 Seu
360 536 492 573 capitale
509 536 596 565 nefas
613 542 711 573 urget,
730 546 791 565 non
811 537 982 574 promptior
997 537 1072 565 alter

283 585 412 622 Cepisse
433 591 517 614 orata
535 586 699 615 sublimem
718 586 769 615 lite
785 596 942 615 coronam.

285 635 344 662 Sed
362 644 416 662 nec
433 635 541 663 venale
558 635 724 672 cloquium,
742 636 788 663 cui
806 635 920 671 gratior
936 640 1037 663 exstat

283 683 389 712 Gloria
406 694 498 720 quain
516 684 613 721 optati
631 684 723 713 fallax
741 685 851 713 iniuria
868 685 998 713 nummi.

286 732 369 769 Ergo
386 742 452 767 age,
471 732 580 761 ferales
597 738 685 761 ornat
703 733 775 761 dum
794 733 926 769 praefica
943 742 1084 770 pompas,

287 781 326 808 Et
343 781 416 809 tuba
434 781 553 810 solenni
571 782 687 817 clangit
705 782 845 819 lugubria
861 787 963 816 cantu,

287 829 444 858 Institium
464 831 501 859 sit
518 831 606 859 triste
622 830 696 865 foro,
715 831 892 859 vadimonia
911 836 1032 868 praetor

286 879 424 912 Differat,
440 885 469 908 et
487 885 624 908 maestae
641 880 825 908 claudantur
840 889 959 909 carcere
976 881 1069 916 leges

287 929 327 956 Et
343 934 375 956 tu
393 929 586 966 sandapilam
604 929 752 965 genitoris
770 935 841 958 nate
858 930 1024 958 verendam

288 978 514 1015 Illachrymans
532 980 653 1016 produc,
671 989 764 1016 quain
783 988 844 1008 non
863 979 1026 1016 pollinctor
1042 989 1162 1013 avarus,

292 1027 363 1055 Non
380 1027 510 1064 vespillo
528 1037 652 1061 nocens,
670 1038 731 1056 non
749 1028 895 1065 inscripta
911 1028 1040 1064 agmina
1056 1033 1207 1063 tangant;

291 1076 350 1104 Sed
369 1077 499 1106 subeant
517 1077 654 1106 humeris
672 1083 773 1114 patres
790 1083 819 1106 et
837 1078 914 1106 lecta
933 1078 1069 1106 Senatus

290 1125 449 1161 Maiestas,
468 1131 497 1155 et
514 1136 592 1163 quos
609 1127 714 1163 legun]
732 1126 874 1155 facundia
891 1127 977 1156 ditat.

289 1173 396 1212 Teque
413 1175 481 1204 licet
498 1175 594 1204 tantis
611 1175 766 1204 damnarit
783 1175 898 1213 perfida
915 1176 1028 1204 Clotho

289 1224 446 1258 Cladibus,
465 1224 601 1261 ingentis
617 1225 723 1254 animo
740 1230 945 1254 monumenta
960 1224 1074 1253 doloris

292 1272 409 1301 Officiis
428 1273 585 1302 Ludovice
603 1274 662 1310 piis
678 1275 815 1309 ostende,
834 1275 885 1303 sed
902 1283 1012 1310 aegrae

291 1322 444 1350 Fraenum
462 1322 572 1351 adhibe
588 1324 695 1352 menti.
742 1323 789 1351 Ne
806 1323 845 1352 sit
862 1323 1001 1352 diffusior
1017 1332 1116 1360 aequo

294 1371 358 1399 Iste
374 1371 468 1405 dolor,
487 1371 589 1400 vincat
606 1382 695 1400 curas
712 1378 871 1409 respectus
888 1372 1020 1401 honesti.

296 1420 415 1449 Occidit
431 1421 500 1455 heu,
518 1421 658 1457 genitor!
683 1422 920 1459 desolatumque
937 1421 1068 1459 reliquit.

294 1471 355 1498 Sed
372 1471 512 1498 mortalis
529 1476 602 1505 erat,
620 1472 672 1500 sed
690 1481 774 1500 seros
790 1471 875 1500 venit
892 1473 928 1500 ad
946 1481 1056 1503 annos,

295 1520 353 1548 Sed
370 1520 486 1547 clarum
503 1519 606 1556 dignis
623 1520 739 1557 peperit
756 1521 813 1549 sibi
832 1530 944 1549 nomen
961 1521 999 1548 ab
1015 1520 1102 1554 actis,

294 1568 355 1597 Sed
373 1568 470 1597 soboli
488 1568 630 1605 patefecit
646 1569 710 1604 iter,
728 1579 789 1606 quo
805 1570 902 1606 gloria
919 1570 1022 1606 gentis

293 1617 452 1645 Cresceret
467 1622 497 1645 et
513 1617 592 1646 tanti
609 1617 729 1647 floreret
747 1619 924 1647 stemmatis
941 1619 1022 1647 ordo.

299 1666 339 1694 Et
357 1676 448 1703 super
463 1666 561 1695 aurati
580 1667 640 1695 iam
658 1672 745 1704 parta
762 1667 876 1704 palatia
892 1667 967 1696 caeli

299 1715 449 1744 Sublimis
467 1716 613 1750 residens,
631 1717 795 1745 molimina
811 1727 891 1745 vana
908 1717 1021 1745 laboris

301 1765 409 1793 Nostri
427 1770 517 1802 atque
533 1766 689 1794 humanae
705 1766 782 1794 ridet
799 1766 928 1794 ludibria
945 1766 1046 1800 sortis,

298 1813 355 1843 Cui
373 1819 466 1842 natus
483 1813 580 1844 fuerat
597 1815 657 1842 iam
675 1815 800 1844 tandem
820 1814 881 1843 fine
897 1815 1024 1852 potitus.

670 1881 884 1920 Epitaphium.

298 1937 439 1965 Callebat
456 1937 530 1965 iuris
546 1937 672 1972 formas,
692 1938 847 1968 Lintonus
863 1939 968 1968 obivit.

340 1986 480 2014 Pollebat
497 1986 622 2023 linguae
639 1987 780 2022 fulmina,
799 1988 958 2025 Scharpus
974 1988 1046 2016 obit.

301 2035 449 2063 Doctrina
467 2035 599 2072 Cragins
616 2037 750 2073 reliquos
767 2037 941 2073 superabat,
959 2042 988 2065 et
1005 2037 1054 2064 ille

345 2084 427 2112 Pene
443 2084 550 2112 eodem
571 2085 694 2122 Elysias
710 2091 848 2122 tempore
864 2091 965 2114 tranat
981 2094 1087 2121 aquas.

301 2133 364 2161 Aut
381 2143 397 2161 a
414 2133 579 2162 causidicis
595 2134 704 2162 cohibe
721 2143 804 2162 mors
821 2134 961 2171 improba
978 2133 1096 2166 falcem,

341 2181 403 2210 Aut
421 2183 535 2210 summi
553 2182 661 2211 valvas
679 2183 783 2211 Scotia
799 2183 906 2211 claude
922 2182 987 2211 fori.

1391 215 1430 244 43
