1883 2730
451 200 516 238 446

456 493 508 520 170

457 738 507 766 175

455 976 507 1001 180

453 1220 503 1252 1⁴55

453 1471 505 1494 {qo

452 1716 502 1743 ¹95

449 1962 504 1979 200

851 208 945 231 MUSA
972 207 1107 231 LATINA
1135 207 1411 232 ARERUONENNJS.

696 289 835 317 Sollicita
851 297 933 317 nunc
949 294 1062 323 mente,
1082 289 1177 322 Deae,
1195 289 1344 325 vultuque
1361 298 1470 318 sereno

695 338 789 367 Ocius
807 339 881 367 haec
897 339 987 367 celeri
1004 347 1073 367 mea
1089 338 1175 366 iussa
1191 338 1345 374 capessite
1361 347 1480 375 gressu.

696 387 853 416 Daedalea
870 387 981 415 domus
997 392 1044 416 est
1061 387 1246 415 sublimibus
1262 387 1326 415 alta
1341 387 1496 416 columnis

695 436 817 464 structa
835 446 938 465 manu.
955 436 1120 471 crebraque
1137 441 1246 472 patens
1262 436 1428 469 testudine,
1445 442 1584 473 apertum

695 485 851 513 Prominet
868 486 897 512 in
915 485 1043 521 pelagus
1059 484 1119 512 late
1135 485 1195 521 qua
1213 485 1333 513 Mernia
1349 485 1430 514 laeto

696 533 778 561 Uber
794 538 944 570 proventu
962 533 1063 568 tellus,
1081 533 1297 570 tumidumque
1313 534 1437 562 lacessit

696 582 836 618 Desuper
851 583 1011 611 Oceanum
1029 582 1155 611 sublimi
1172 592 1189 611 a
1205 583 1318 612 vertice
1334 583 1461 618 montis,

697 631 856 667 Indigenis
873 631 933 659 iam
951 631 1031 660 dicta
1048 631 1122 660 viris
1140 631 1293 660 Dunotria
1310 631 1439 669 (Divum

692 680 777 708 Atria
794 690 886 716 quam
904 689 974 709 vere
989 680 1060 716 quis
1075 680 1215 719 dixerit);
1242 681 1377 717 undique
1394 687 1514 718 patrum

697 729 824 766 Iil'ligies
840 729 957 766 priscae
974 729 1022 758 hic
1038 731 1183 758 decorant
1199 729 1365 758 notissima
1381 731 1469 759 vobis

695 778 819 807 Moenia
838 778 1036 806 Kethiadum.
1082 778 1186 807 Suada
1201 779 1371 808 comitante
1389 789 1500 814 sorore,

691 827 750 861 Tu,
769 827 897 864 Sophia,
917 828 991 856 baec
1007 827 1093 856 caelo
1110 828 1224 856 subeas
1240 828 1366 864 delapsa
1384 838 1537 866 supremo.

696 876 935 912 Magnanimum
954 876 1002 904 hic
1019 877 1118 913 primo
1136 883 1243 905 natum
1261 877 1399 906 solabere
1415 878 1519 913 gentis

694 926 786 962 Spem
804 926 913 957 clarae,
929 931 958 954 et
976 926 1066 954 rebus
1081 925 1129 954 (lic
1145 935 1223 961 quae
1241 935 1307 954 sors
1322 932 1404 954 certa
1421 926 1540 955 suturis.

694 974 784 1002 Hanc
801 983 859 1009 ego
876 973 1000 1002 fatidico
1016 974 1069 1002 tibi
1088 974 1195 1011 paucis
1211 974 1339 1002 numine
1355 975 1499 1011 pandam.

695 1023 797 1058 thue
813 1028 1007 1059 parentatum
1025 1022 1114 1052 fuerit
1130 1024 1166 1052 <le
1183 1032 1267 1052 more
1283 1023 1381 1052 beatis

694 1070 851 1105 Manibus,
869 1077 1035 1107 augustam
1053 1072 1141 1100 terris
1157 1072 1296 1101 deducite
1313 1073 1437 1101 tandem

694 1119 762 1148 lluc
778 1120 926 1154 animam,
944 1120 1057 1157 quippe
1073 1121 1144 1149 hinc
1161 1126 1268 1155 ortam,
1287 1121 1431 1157 caeloque
1448 1121 1554 1150 locate.

695 1169 780 1197 llaec
797 1169 847 1197 ubi
864 1169 945 1198 (licta
961 1170 1054 1203 dedit,
1073 1170 1179 1198 nitidis
1195 1180 1252 1198 sua
1268 1172 1408 1206 tempora
1426 1170 1568 1198 Phoebus

690 1218 866 1253 Accingens
882 1219 974 1246 radiis
991 1229 1097 1248 currus
1113 1220 1251 1256 deposcit
1267 1229 1432 1256 equosque.

691 1267 786 1295 Ocius
802 1273 832 1295 at
849 1267 992 1303 geminae
1010 1268 1162 1305 Zephyris
1181 1268 1333 1304 Euroque,
1350 1268 1454 1297 relicta

693 1316 828 1350 Pallade,
845 1317 985 1344 certatim
1003 1317 1134 1345 tendunt
1151 1322 1377 1354 properantque
1394 1326 1514 1346 sorores

694 1365 879 1399 Unanimes‚
900 1365 1013 1394 Phoebi
1032 1366 1170 1394 solantes
1187 1371 1310 1402 pectora
1325 1366 1425 1395 dictis.

690 1413 804 1441 Nubila
821 1414 893 1442 dum
911 1424 982 1443 vero
998 1420 1122 1443 tranant
1138 1415 1287 1451 terrisque
1304 1416 1521 1452 propinquant,

692 1462 826 1497 Montes,
842 1463 892 1499 qui
910 1465 1067 1499 quondam
1086 1464 1168 1492 soliti
1186 1464 1257 1500 iuga
1274 1465 1357 1493 celsa
1373 1465 1430 1492 sub
1445 1473 1536 1492 auras

693 1511 817 1547 Erigere
833 1512 1003 1547 aethereas,
1021 1513 1078 1541 visi
1097 1513 1153 1541 sub
1170 1513 1278 1547 sidere,
1296 1514 1379 1542 luctu

690 1561 892 1597 Complentes
909 1561 1012 1597 riguas
1029 1562 1256 1599 lachrymarum
1275 1561 1402 1591 tlumine
1417 1563 1523 1591 valles.

694 1609 855 1638 Montibus
873 1610 902 1638 in
921 1611 1055 1638 summis
1073 1611 1233 1648 Dryadum
1251 1617 1316 1639 tum
1334 1611 1422 1640 turba
1440 1620 1579 1639 sororum

691 1658 814 1692 Omnis,
835 1659 1131 1696 Hamadryadesque
1147 1665 1176 1688 et
1193 1661 1330 1688 Oreades
1347 1660 1480 1696 undique
1497 1660 1621 1696 pulchra

692 1706 818 1735 Pectora
834 1708 1000 1736 tundentes
1016 1709 1185 1737 onerabant
1201 1714 1294 1743 astra,
1311 1709 1446 1745 deosque

690 1756 834 1784 Alternae
851 1757 968 1785 alterna
985 1757 1112 1785 variatis
1129 1767 1204 1786 voce
1219 1758 1362 1793 querelis·

691 1805 755 1833 Nec
772 1806 876 1833 minus
891 1805 980 1834 elatis
998 1807 1167 1842 prodebant
1183 1807 1344 1843 questibus
1361 1816 1470 1843 aegros

692 1854 791 1882 Luctu
808 1854 941 1889 animos,
960 1860 1074 1883 stratae
1092 1855 1209 1891 passim
1227 1865 1279 1892 per
1295 1855 1425 1883 flumina
1441 1861 1580 1884 moestae

691 1903 837 1937 Naiades,
855 1909 884 1932 et
901 1904 1004 1932 tristes
1020 1913 1072 1940 per
1088 1903 1194 1932 florida
1211 1909 1297 1940 prata
1314 1904 1450 1941 Napeae.

691 1951 782 1980 Doris
797 1958 826 1980 et
843 1952 910 1988 ipsa
926 1953 1039 1987 aderat,
1057 1953 1149 1981 simul
1167 1953 1375 1987 Oceanitides,
1391 1963 1502 1982 omnes

694 2000 849 2035 Nereides
869 2002 974 2038 pensis
990 2002 1091 2039 hyalis
1108 2012 1246 2030 moerore
1262 2002 1400 2036 remotis,

696 2051 734 2078 tit
750 2051 872 2079 crebros
889 2052 949 2079 alte
967 2052 1124 2087 singultus
1141 2057 1262 2088 pectore
1277 2052 1391 2080 anhelo

694 2100 825 2127 Sedibus
842 2100 871 2127 in
889 2100 994 2128 vitreis
1010 2101 1167 2135 ducentes,
1185 2100 1290 2129 funcra
1307 2101 1385 2129 tanti

693 2149 818 2177 l⁴'levere
836 2149 959 2183 Herors,
976 2148 1126 2178 fleverunt
1143 2159 1235 2178 saxea
1253 2150 1367 2178 Vestae
