<?xml version="1.0" encoding="UTF-8"?>
<!DOCTYPE html PUBLIC "-//W3C//DTD XHTML 1.0 Transitional//EN"
    "http://www.w3.org/TR/xhtml1/DTD/xhtml1-transitional.dtd">
<html xmlns="http://www.w3.org/1999/xhtml" xml:lang="en" lang="en">
 <head>
  <title>
</title>
<meta http-equiv="Content-Type" content="text/html;charset=utf-8" />
  <meta name='ocr-system' content='tesseract 3.04.00' />
  <meta name='ocr-capabilities' content='ocr_page ocr_carea ocr_par ocr_line ocrx_word'/>
</head>
<body>
  <div class='ocr_page' id='page_1' title='image "./musalatinaaberdo03gedduoft_0068.png"; bbox 0 0 1883 2730; ppageno 0'>
   <div class='ocr_carea' id='block_1_1' title="bbox 455 573 489 592">
    <p class='ocr_par' dir='ltr' id='par_1_1' title="bbox 455 573 489 592">
     <span class='ocr_line' id='line_1_1' title="bbox 455 573 489 592; baseline -0.029 0"><span class='ocrx_word' id='word_1_1' title='bbox 455 573 489 592; x_wconf 78' lang='lat'>10</span> 
     </span>
    </p>
   </div>
   <div class='ocr_carea' id='block_1_2' title="bbox 457 850 490 878">
    <p class='ocr_par' dir='ltr' id='par_1_2' title="bbox 457 850 490 878">
     <span class='ocr_line' id='line_1_2' title="bbox 457 850 490 878; baseline 0 0"><span class='ocrx_word' id='word_1_2' title='bbox 457 850 490 878; x_wconf 88' lang='lat'>¹5</span> 
     </span>
    </p>
   </div>
   <div class='ocr_carea' id='block_1_3' title="bbox 456 1370 491 1399">
    <p class='ocr_par' dir='ltr' id='par_1_3' title="bbox 456 1370 491 1399">
     <span class='ocr_line' id='line_1_3' title="bbox 456 1370 491 1399; baseline 0 0"><span class='ocrx_word' id='word_1_3' title='bbox 456 1370 491 1399; x_wconf 82' lang='lat'>25</span> 
     </span>
    </p>
   </div>
   <div class='ocr_carea' id='block_1_4' title="bbox 462 1669 1816 1712">
    <p class='ocr_par' dir='ltr' id='par_1_4' title="bbox 462 1669 1816 1712">
     <span class='ocr_line' id='line_1_4' title="bbox 462 1669 1816 1712; baseline -0.009 0"><span class='ocrx_word' id='word_1_4' title='bbox 462 1682 527 1712; x_wconf 73' lang='lat' dir='ltr'>AD</span> <span class='ocrx_word' id='word_1_5' title='bbox 545 1679 766 1712; x_wconf 72' lang='lat' dir='ltr'>COMITEM</span> <span class='ocrx_word' id='word_1_6' title='bbox 787 1676 1138 1709; x_wconf 63' lang='lat' dir='ltr'>MARISCAILUM</span> <span class='ocrx_word' id='word_1_7' title='bbox 1156 1675 1244 1706; x_wconf 72' lang='lat' dir='ltr'>SUB</span> <span class='ocrx_word' id='word_1_8' title='bbox 1263 1672 1407 1705; x_wconf 84' lang='lat' dir='ltr'>CUIUS</span> <span class='ocrx_word' id='word_1_9' title='bbox 1424 1671 1617 1703; x_wconf 81' lang='lat' dir='ltr'>NOMINE</span> <span class='ocrx_word' id='word_1_10' title='bbox 1637 1669 1816 1701; x_wconf 89' lang='lat' dir='ltr'>PRODIT</span> 
     </span>
    </p>
   </div>
   <div class='ocr_carea' id='block_1_5' title="bbox 835 227 1417 258">
    <p class='ocr_par' dir='ltr' id='par_1_5' title="bbox 835 227 1417 258">
     <span class='ocr_line' id='line_1_5' title="bbox 835 227 1417 258; baseline -0.012 0"><span class='ocrx_word' id='word_1_11' title='bbox 835 235 933 258; x_wconf 77' lang='lat' dir='ltr'>MUSA</span> <span class='ocrx_word' id='word_1_12' title='bbox 960 233 1098 257; x_wconf 65' lang='lat' dir='ltr'>LATINA</span> <span class='ocrx_word' id='word_1_13' title='bbox 1125 227 1417 255; x_wconf 71' lang='lat' dir='ltr'>ABERDONENSIS.</span> 
     </span>
    </p>
   </div>
   <div class='ocr_carea' id='block_1_6' title="bbox 653 310 1564 792">
    <p class='ocr_par' dir='ltr' id='par_1_6' title="bbox 655 310 1478 400">
     <span class='ocr_line' id='line_1_6' title="bbox 655 310 1478 351; baseline -0.013 -6"><span class='ocrx_word' id='word_1_14' title='bbox 655 316 706 345; x_wconf 88' lang='lat' dir='ltr'>Nil</span> <span class='ocrx_word' id='word_1_15' title='bbox 724 321 756 344; x_wconf 88' lang='lat' dir='ltr'>ut</span> <span class='ocrx_word' id='word_1_16' title='bbox 772 316 810 344; x_wconf 85' lang='lat' dir='ltr'>ad</span> <span class='ocrx_word' id='word_1_17' title='bbox 827 314 995 351; x_wconf 85' lang='lat' dir='ltr'>eloquium,</span> <span class='ocrx_word' id='word_1_18' title='bbox 1013 313 1054 341; x_wconf 90' lang='lat' dir='ltr'>nil</span> <span class='ocrx_word' id='word_1_19' title='bbox 1070 317 1151 341; x_wconf 89' lang='lat' dir='ltr'>certa</span> <span class='ocrx_word' id='word_1_20' title='bbox 1167 311 1205 340; x_wconf 84' lang='lat' dir='ltr'>ad</span> <span class='ocrx_word' id='word_1_21' title='bbox 1222 310 1357 347; x_wconf 86' lang='lat' dir='ltr'>pondera</span> <span class='ocrx_word' id='word_1_22' title='bbox 1379 316 1478 336; x_wconf 86' lang='lat' dir='ltr'>rerum</span> 
     </span>
     <span class='ocr_line' id='line_1_7' title="bbox 694 359 1351 400; baseline -0.014 -6"><span class='ocrx_word' id='word_1_23' title='bbox 694 364 842 399; x_wconf 83' lang='lat' dir='ltr'>Defuerit,</span> <span class='ocrx_word' id='word_1_24' title='bbox 860 363 982 400; x_wconf 89' lang='lat' dir='ltr'>scriptis</span> <span class='ocrx_word' id='word_1_25' title='bbox 999 365 1136 398; x_wconf 82' lang='lat' dir='ltr'>surgeret</span> <span class='ocrx_word' id='word_1_26' title='bbox 1153 359 1232 388; x_wconf 89' lang='lat' dir='ltr'>unde</span> <span class='ocrx_word' id='word_1_27' title='bbox 1249 359 1351 387; x_wconf 81' lang='lat' dir='ltr'>decuS.</span> 
     </span>
    </p>

    <p class='ocr_par' dir='ltr' id='par_1_7' title="bbox 653 408 1398 499">
     <span class='ocr_line' id='line_1_8' title="bbox 653 408 1361 444; baseline -0.013 -1"><span class='ocrx_word' id='word_1_28' title='bbox 653 415 732 444; x_wconf 85' lang='lat' dir='ltr'>Cum</span> <span class='ocrx_word' id='word_1_29' title='bbox 750 419 856 442; x_wconf 88' lang='lat' dir='ltr'>nostro</span> <span class='ocrx_word' id='word_1_30' title='bbox 873 412 986 441; x_wconf 85' lang='lat' dir='ltr'>rediere</span> <span class='ocrx_word' id='word_1_31' title='bbox 1002 420 1078 440; x_wconf 77' lang='lat' dir='ltr'>aevo</span> <span class='ocrx_word' id='word_1_32' title='bbox 1096 408 1241 439; x_wconf 80' lang='lat' dir='ltr'>Saturnia</span> <span class='ocrx_word' id='word_1_33' title='bbox 1259 416 1361 443; x_wconf 80' lang='lat' dir='ltr'>regna,</span> 
     </span>
     <span class='ocr_line' id='line_1_9' title="bbox 695 456 1398 499; baseline -0.014 -7"><span class='ocrx_word' id='word_1_34' title='bbox 695 463 885 499; x_wconf 85' lang='lat' dir='ltr'>Subditaque</span> <span class='ocrx_word' id='word_1_35' title='bbox 902 460 1019 499; x_wconf 79' lang='lat' dir='ltr'>ingenti</span> <span class='ocrx_word' id='word_1_36' title='bbox 1036 459 1152 488; x_wconf 84' lang='lat' dir='ltr'>lumine</span> <span class='ocrx_word' id='word_1_37' title='bbox 1169 462 1273 495; x_wconf 79' lang='lat' dir='ltr'>aperta</span> <span class='ocrx_word' id='word_1_38' title='bbox 1289 456 1398 484; x_wconf 86' lang='lat' dir='ltr'>nitent.</span> 
     </span>
    </p>

    <p class='ocr_par' dir='ltr' id='par_1_8' title="bbox 654 504 1447 589">
     <span class='ocr_line' id='line_1_10' title="bbox 654 504 1447 541; baseline -0.014 0"><span class='ocrx_word' id='word_1_39' title='bbox 654 514 819 541; x_wconf 82' lang='lat' dir='ltr'>Hactenus</span> <span class='ocrx_word' id='word_1_40' title='bbox 835 512 965 540; x_wconf 85' lang='lat' dir='ltr'>obscuro</span> <span class='ocrx_word' id='word_1_41' title='bbox 981 509 1071 538; x_wconf 83' lang='lat' dir='ltr'>latuit</span> <span class='ocrx_word' id='word_1_42' title='bbox 1087 517 1139 536; x_wconf 88' lang='lat' dir='ltr'>cur</span> <span class='ocrx_word' id='word_1_43' title='bbox 1155 508 1294 536; x_wconf 85' lang='lat' dir='ltr'>Graecus</span> <span class='ocrx_word' id='word_1_44' title='bbox 1310 504 1447 532; x_wconf 82' lang='lat' dir='ltr'>amictu?</span> 
     </span>
     <span class='ocr_line' id='line_1_11' title="bbox 697 551 1427 589; baseline -0.014 0"><span class='ocrx_word' id='word_1_45' title='bbox 697 561 849 589; x_wconf 84' lang='lat' dir='ltr'>Romulea</span> <span class='ocrx_word' id='word_1_46' title='bbox 865 564 917 587; x_wconf 82' lang='lat' dir='ltr'>aut</span> <span class='ocrx_word' id='word_1_47' title='bbox 933 558 1052 587; x_wconf 84' lang='lat' dir='ltr'>cinctus</span> <span class='ocrx_word' id='word_1_48' title='bbox 1069 566 1120 585; x_wconf 87' lang='lat' dir='ltr'>cur</span> <span class='ocrx_word' id='word_1_49' title='bbox 1136 555 1228 584; x_wconf 87' lang='lat' dir='ltr'>modo</span> <span class='ocrx_word' id='word_1_50' title='bbox 1244 558 1330 582; x_wconf 81' lang='lat' dir='ltr'>veste</span> <span class='ocrx_word' id='word_1_51' title='bbox 1347 551 1402 580; x_wconf 90' lang='lat' dir='ltr'>fuit</span> <span class='ocrx_word' id='word_1_52' title='bbox 1414 553 1427 580; x_wconf 88' lang='lat'>?</span> 
     </span>
    </p>

    <p class='ocr_par' dir='ltr' id='par_1_9' title="bbox 656 603 1447 695">
     <span class='ocr_line' id='line_1_12' title="bbox 656 603 1447 646; baseline -0.014 -7"><span class='ocrx_word' id='word_1_53' title='bbox 656 611 727 639; x_wconf 90' lang='lat' dir='ltr'>Non</span> <span class='ocrx_word' id='word_1_54' title='bbox 745 610 870 639; x_wconf 79' lang='lat' dir='ltr'>licuisse</span> <span class='ocrx_word' id='word_1_55' title='bbox 887 614 991 646; x_wconf 80' lang='lat' dir='ltr'>putem</span> <span class='ocrx_word' id='word_1_56' title='bbox 1009 617 1096 635; x_wconf 84' lang='lat' dir='ltr'>sacra</span> <span class='ocrx_word' id='word_1_57' title='bbox 1112 607 1187 634; x_wconf 85' lang='lat' dir='ltr'>haec</span> <span class='ocrx_word' id='word_1_58' title='bbox 1203 603 1327 633; x_wconf 80' lang='lat' dir='ltr'>oracula</span> <span class='ocrx_word' id='word_1_59' title='bbox 1343 610 1447 634; x_wconf 72' lang='lat' dir='ltr'>nosse,</span> 
     </span>
     <span class='ocr_line' id='line_1_13' title="bbox 695 652 1405 695; baseline -0.015 -7"><span class='ocrx_word' id='word_1_60' title='bbox 695 659 748 688; x_wconf 84' lang='lat' dir='ltr'>Vel</span> <span class='ocrx_word' id='word_1_61' title='bbox 766 659 880 695; x_wconf 72' lang='lat' dir='ltr'>dignus</span> <span class='ocrx_word' id='word_1_62' title='bbox 897 667 997 691; x_wconf 84' lang='lat' dir='ltr'>nemo,</span> <span class='ocrx_word' id='word_1_63' title='bbox 1014 656 1064 694; x_wconf 89' lang='lat' dir='ltr'>qui</span> <span class='ocrx_word' id='word_1_64' title='bbox 1082 656 1158 683; x_wconf 77' lang='lat' dir='ltr'>haec</span> <span class='ocrx_word' id='word_1_65' title='bbox 1174 652 1314 690; x_wconf 82' lang='lat' dir='ltr'>aperiret,</span> <span class='ocrx_word' id='word_1_66' title='bbox 1331 656 1405 679; x_wconf 78' lang='lat' dir='ltr'>erat.</span> 
     </span>
    </p>

    <p class='ocr_par' dir='ltr' id='par_1_10' title="bbox 654 697 1564 792">
     <span class='ocr_line' id='line_1_14' title="bbox 654 697 1564 739; baseline -0.014 -1"><span class='ocrx_word' id='word_1_67' title='bbox 654 708 702 737; x_wconf 71' lang='lat' dir='ltr'>&#39;l&#39;u</span> <span class='ocrx_word' id='word_1_68' title='bbox 721 709 885 737; x_wconf 61' lang='lat' dir='ltr'>CARfflLLic</span> <span class='ocrx_word' id='word_1_69' title='bbox 903 716 994 739; x_wconf 88' lang='lat' dir='ltr'>unus,</span> <span class='ocrx_word' id='word_1_70' title='bbox 1013 705 1158 733; x_wconf 74' lang='lat' dir='ltr'>manibus</span> <span class='ocrx_word' id='word_1_71' title='bbox 1174 702 1225 738; x_wconf 88' lang='lat' dir='ltr'>qui</span> <span class='ocrx_word' id='word_1_72' title='bbox 1242 701 1317 729; x_wconf 90' lang='lat' dir='ltr'>haec</span> <span class='ocrx_word' id='word_1_73' title='bbox 1334 709 1420 728; x_wconf 75' lang='lat' dir='ltr'>sacra</span> <span class='ocrx_word' id='word_1_74' title='bbox 1437 697 1564 726; x_wconf 84' lang='lat' dir='ltr'>sacratis</span> 
     </span>
     <span class='ocr_line' id='line_1_15' title="bbox 697 754 1388 792; baseline -0.014 -6"><span class='ocrx_word' id='word_1_75' title='bbox 697 757 777 785; x_wconf 74' lang='lat' dir='ltr'>&#39;l&#39;um</span> <span class='ocrx_word' id='word_1_76' title='bbox 795 761 924 785; x_wconf 79' lang='lat' dir='ltr'>tractare</span> <span class='ocrx_word' id='word_1_77' title='bbox 942 760 1040 792; x_wconf 76' lang='lat' dir='ltr'>poteS‚</span> <span class='ocrx_word' id='word_1_78' title='bbox 1057 758 1122 782; x_wconf 84' lang='lat' dir='ltr'>tum</span> <span class='ocrx_word' id='word_1_79' title='bbox 1141 759 1274 780; x_wconf 76' lang='lat' dir='ltr'>reserare</span> <span class='ocrx_word' id='word_1_80' title='bbox 1290 754 1388 786; x_wconf 82' lang='lat' dir='ltr'>potes.</span> 
     </span>
    </p>
   </div>
   <div class='ocr_carea' id='block_1_7' title="bbox 657 830 1455 1118">
    <p class='ocr_par' dir='ltr' id='par_1_11' title="bbox 657 830 1439 923">
     <span class='ocr_line' id='line_1_16' title="bbox 657 830 1439 868; baseline -0.015 0"><span class='ocrx_word' id='word_1_81' title='bbox 657 839 736 868; x_wconf 86' lang='lat' dir='ltr'>Cum</span> <span class='ocrx_word' id='word_1_82' title='bbox 755 839 865 867; x_wconf 87' lang='lat' dir='ltr'>Scotos</span> <span class='ocrx_word' id='word_1_83' title='bbox 881 835 1043 865; x_wconf 83' lang='lat' dir='ltr'>tenebras¹</span> <span class='ocrx_word' id='word_1_84' title='bbox 1060 833 1146 868; x_wconf 82' lang='lat' dir='ltr'>dicis,</span> <span class='ocrx_word' id='word_1_85' title='bbox 1164 842 1202 861; x_wconf 88' lang='lat' dir='ltr'>ne</span> <span class='ocrx_word' id='word_1_86' title='bbox 1218 830 1330 860; x_wconf 75' lang='lat' dir='ltr'>dixeris</span> <span class='ocrx_word' id='word_1_87' title='bbox 1345 834 1439 863; x_wconf 84' lang='lat' dir='ltr'>atras,</span> 
     </span>
     <span class='ocr_line' id='line_1_17' title="bbox 698 879 1310 923; baseline -0.015 -7"><span class='ocrx_word' id='word_1_88' title='bbox 698 888 757 917; x_wconf 88' lang='lat' dir='ltr'>Sed</span> <span class='ocrx_word' id='word_1_89' title='bbox 775 887 882 923; x_wconf 82' lang='lat' dir='ltr'>quales</span> <span class='ocrx_word' id='word_1_90' title='bbox 901 884 1016 914; x_wconf 82' lang='lat' dir='ltr'>Phoebi</span> <span class='ocrx_word' id='word_1_91' title='bbox 1033 884 1080 912; x_wconf 83' lang='lat' dir='ltr'>vis</span> <span class='ocrx_word' id='word_1_92' title='bbox 1096 882 1213 911; x_wconf 80' lang='lat' dir='ltr'>radiata</span> <span class='ocrx_word' id='word_1_93' title='bbox 1230 879 1310 909; x_wconf 78' lang='lat' dir='ltr'>facit.</span> 
     </span>
    </p>

    <p class='ocr_par' dir='ltr' id='par_1_12' title="bbox 658 927 1455 1062">
     <span class='ocr_line' id='line_1_18' title="bbox 658 927 1440 965; baseline -0.014 0"><span class='ocrx_word' id='word_1_94' title='bbox 658 937 739 965; x_wconf 76' lang='lat' dir='ltr'>Nam</span> <span class='ocrx_word' id='word_1_95' title='bbox 755 936 840 964; x_wconf 89' lang='lat' dir='ltr'>velut</span> <span class='ocrx_word' id='word_1_96' title='bbox 857 935 1005 963; x_wconf 77' lang='lat' dir='ltr'>adversus</span> <span class='ocrx_word' id='word_1_97' title='bbox 1021 933 1162 962; x_wconf 79' lang='lat' dir='ltr'>tenebras</span> <span class='ocrx_word' id='word_1_98' title='bbox 1177 929 1308 958; x_wconf 66' lang='lat' dir='ltr'>osl‘undit</span> <span class='ocrx_word' id='word_1_99' title='bbox 1324 927 1440 961; x_wconf 85' lang='lat' dir='ltr'>ocellis,</span> 
     </span>
     <span class='ocr_line' id='line_1_19' title="bbox 699 977 1403 1016; baseline -0.013 -3"><span class='ocrx_word' id='word_1_100' title='bbox 699 985 843 1013; x_wconf 81' lang='lat' dir='ltr'>Phoebus</span> <span class='ocrx_word' id='word_1_101' title='bbox 856 984 928 1012; x_wconf 80' lang='lat' dir='ltr'>(lum</span> <span class='ocrx_word' id='word_1_102' title='bbox 947 982 1048 1011; x_wconf 86' lang='lat' dir='ltr'>medio</span> <span class='ocrx_word' id='word_1_103' title='bbox 1062 980 1197 1016; x_wconf 68' lang='lat' dir='ltr'>fulgidus</span> <span class='ocrx_word' id='word_1_104' title='bbox 1213 979 1284 1007; x_wconf 87' lang='lat' dir='ltr'>orbe</span> <span class='ocrx_word' id='word_1_105' title='bbox 1302 977 1403 1011; x_wconf 82' lang='lat' dir='ltr'>micat,</span> 
     </span>
     <span class='ocr_line' id='line_1_20' title="bbox 659 1025 1455 1062; baseline -0.014 0"><span class='ocrx_word' id='word_1_106' title='bbox 659 1035 820 1062; x_wconf 79' lang='lat' dir='ltr'>Scotorum</span> <span class='ocrx_word' id='word_1_107' title='bbox 838 1032 918 1060; x_wconf 85' lang='lat' dir='ltr'>haud</span> <span class='ocrx_word' id='word_1_108' title='bbox 936 1031 1022 1060; x_wconf 85' lang='lat' dir='ltr'>aliter</span> <span class='ocrx_word' id='word_1_109' title='bbox 1039 1036 1138 1058; x_wconf 83' lang='lat' dir='ltr'>totuin</span> <span class='ocrx_word' id='word_1_110' title='bbox 1156 1027 1268 1056; x_wconf 73' lang='lat' dir='ltr'>diffusa</span> <span class='ocrx_word' id='word_1_111' title='bbox 1285 1035 1335 1062; x_wconf 87' lang='lat' dir='ltr'>per</span> <span class='ocrx_word' id='word_1_112' title='bbox 1351 1025 1455 1053; x_wconf 89' lang='lat' dir='ltr'>orbem</span> 
     </span>
    </p>

    <p class='ocr_par' dir='ltr' id='par_1_13' title="bbox 698 1076 1331 1118">
     <span class='ocr_line' id='line_1_21' title="bbox 698 1076 1331 1118; baseline -0.013 -8"><span class='ocrx_word' id='word_1_113' title='bbox 698 1082 802 1111; x_wconf 86' lang='lat' dir='ltr'>Gloria</span> <span class='ocrx_word' id='word_1_114' title='bbox 820 1079 998 1118; x_wconf 75' lang='lat' dir='ltr'>perstringit</span> <span class='ocrx_word' id='word_1_115' title='bbox 1017 1079 1134 1106; x_wconf 81' lang='lat' dir='ltr'>lumina</span> <span class='ocrx_word' id='word_1_116' title='bbox 1152 1076 1331 1105; x_wconf 85' lang='lat' dir='ltr'>luminibus.</span> 
     </span>
    </p>
   </div>
   <div class='ocr_carea' id='block_1_8' title="bbox 659 1155 1580 1540">
    <p class='ocr_par' dir='ltr' id='par_1_14' title="bbox 659 1155 1473 1248">
     <span class='ocr_line' id='line_1_22' title="bbox 659 1155 1473 1200; baseline -0.012 -8"><span class='ocrx_word' id='word_1_117' title='bbox 659 1163 826 1200; x_wconf 83' lang='lat' dir='ltr'>Cecropius</span> <span class='ocrx_word' id='word_1_118' title='bbox 842 1162 999 1199; x_wconf 74' lang='lat' dir='ltr'>quondam</span> <span class='ocrx_word' id='word_1_119' title='bbox 1017 1161 1124 1188; x_wconf 77' lang='lat' dir='ltr'>doctas</span> <span class='ocrx_word' id='word_1_120' title='bbox 1141 1157 1294 1187; x_wconf 81' lang='lat' dir='ltr'>Gathelus</span> <span class='ocrx_word' id='word_1_121' title='bbox 1305 1157 1316 1174; x_wconf 76' lang='lat'><em>²</em></span> <span class='ocrx_word' id='word_1_122' title='bbox 1331 1155 1473 1184; x_wconf 76' lang='lat' dir='ltr'>Athenas</span> 
     </span>
     <span class='ocr_line' id='line_1_23' title="bbox 702 1204 1369 1248; baseline -0.012 -8"><span class='ocrx_word' id='word_1_123' title='bbox 702 1212 857 1248; x_wconf 78' lang='lat' dir='ltr'>Liquerat‚</span> <span class='ocrx_word' id='word_1_124' title='bbox 873 1215 903 1239; x_wconf 91' lang='lat' dir='ltr'>et</span> <span class='ocrx_word' id='word_1_125' title='bbox 923 1209 1024 1238; x_wconf 77' lang='lat' dir='ltr'>Scotis</span> <span class='ocrx_word' id='word_1_126' title='bbox 1041 1208 1169 1236; x_wconf 76' lang='lat' dir='ltr'>nomina</span> <span class='ocrx_word' id='word_1_127' title='bbox 1187 1212 1260 1234; x_wconf 83' lang='lat' dir='ltr'>nota</span> <span class='ocrx_word' id='word_1_128' title='bbox 1276 1204 1369 1234; x_wconf 86' lang='lat' dir='ltr'>dedit.</span> 
     </span>
    </p>

    <p class='ocr_par' dir='ltr' id='par_1_15' title="bbox 661 1253 1580 1341">
     <span class='ocr_line' id='line_1_24' title="bbox 661 1253 1455 1292; baseline -0.013 -3"><span class='ocrx_word' id='word_1_129' title='bbox 661 1261 720 1289; x_wconf 82' lang='lat' dir='ltr'>Hic</span> <span class='ocrx_word' id='word_1_130' title='bbox 738 1261 848 1288; x_wconf 82' lang='lat' dir='ltr'>Musas</span> <span class='ocrx_word' id='word_1_131' title='bbox 865 1259 962 1287; x_wconf 75' lang='lat' dir='ltr'>iunxit</span> <span class='ocrx_word' id='word_1_132' title='bbox 979 1258 1087 1292; x_wconf 71' lang='lat' dir='ltr'>socias,</span> <span class='ocrx_word' id='word_1_133' title='bbox 1107 1255 1302 1291; x_wconf 76' lang='lat' dir='ltr'>Druidasque</span> <span class='ocrx_word' id='word_1_134' title='bbox 1321 1253 1455 1290; x_wconf 75' lang='lat' dir='ltr'>Sibyllas</span> 
     </span>
     <span class='ocr_line' id='line_1_25' title="bbox 702 1301 1580 1341; baseline -0.011 -3"><span class='ocrx_word' id='word_1_135' title='bbox 702 1311 772 1338; x_wconf 86' lang='lat' dir='ltr'>llue</span> <span class='ocrx_word' id='word_1_136' title='bbox 791 1309 962 1341; x_wconf 80' lang='lat' dir='ltr'>Phoebum,</span> <span class='ocrx_word' id='word_1_137' title='bbox 980 1307 1038 1335; x_wconf 82' lang='lat' dir='ltr'>huc</span> <span class='ocrx_word' id='word_1_138' title='bbox 1058 1305 1211 1338; x_wconf 65' lang='lat' dir='ltr'>Charites,</span> <span class='ocrx_word' id='word_1_139' title='bbox 1228 1304 1287 1331; x_wconf 88' lang='lat' dir='ltr'>huc</span> <span class='ocrx_word' id='word_1_140' title='bbox 1303 1302 1373 1331; x_wconf 87' lang='lat' dir='ltr'>tulit</span> <span class='ocrx_word' id='word_1_141' title='bbox 1390 1301 1439 1330; x_wconf 87' lang='lat' dir='ltr'>ille</span> <span class='ocrx_word' id='word_1_142' title='bbox 1464 1301 1580 1329; x_wconf 86' lang='lat' dir='ltr'>lovem.</span> 
     </span>
    </p>

    <p class='ocr_par' dir='ltr' id='par_1_16' title="bbox 661 1351 1513 1441">
     <span class='ocr_line' id='line_1_26' title="bbox 661 1351 1513 1391; baseline -0.012 -4"><span class='ocrx_word' id='word_1_143' title='bbox 661 1360 731 1387; x_wconf 89' lang='lat' dir='ltr'>Non</span> <span class='ocrx_word' id='word_1_144' title='bbox 748 1358 858 1386; x_wconf 82' lang='lat' dir='ltr'>mirum</span> <span class='ocrx_word' id='word_1_145' title='bbox 877 1363 923 1386; x_wconf 81' lang='lat' dir='ltr'>est</span> <span class='ocrx_word' id='word_1_146' title='bbox 940 1356 1032 1391; x_wconf 68' lang='lat' dir='ltr'>igitur</span> <span class='ocrx_word' id='word_1_147' title='bbox 1051 1354 1135 1383; x_wconf 70' lang='lat' dir='ltr'>Scoti</span> <span class='ocrx_word' id='word_1_148' title='bbox 1153 1354 1177 1381; x_wconf 81' lang='lat' dir='ltr'>si</span> <span class='ocrx_word' id='word_1_149' title='bbox 1195 1354 1313 1381; x_wconf 73' lang='lat' dir='ltr'>Graeca</span> <span class='ocrx_word' id='word_1_150' title='bbox 1330 1351 1513 1387; x_wconf 77' lang='lat' dir='ltr'>loquantur;</span> 
     </span>
     <span class='ocr_line' id='line_1_27' title="bbox 700 1400 1338 1441; baseline -0.011 -6"><span class='ocrx_word' id='word_1_151' title='bbox 700 1408 838 1435; x_wconf 73' lang='lat' dir='ltr'>Graecus</span> <span class='ocrx_word' id='word_1_152' title='bbox 855 1415 956 1434; x_wconf 83' lang='lat' dir='ltr'>sermo</span> <span class='ocrx_word' id='word_1_153' title='bbox 975 1405 1035 1432; x_wconf 76' lang='lat' dir='ltr'>illis</span> <span class='ocrx_word' id='word_1_154' title='bbox 1053 1403 1170 1441; x_wconf 77' lang='lat' dir='ltr'>patrius</span> <span class='ocrx_word' id='word_1_155' title='bbox 1187 1407 1258 1430; x_wconf 79' lang='lat' dir='ltr'>ante</span> <span class='ocrx_word' id='word_1_156' title='bbox 1275 1400 1338 1428; x_wconf 89' lang='lat' dir='ltr'>fuit.</span> 
     </span>
    </p>

    <p class='ocr_par' dir='ltr' id='par_1_17' title="bbox 663 1451 1417 1540">
     <span class='ocr_line' id='line_1_28' title="bbox 663 1451 1417 1484; baseline -0.011 0"><span class='ocrx_word' id='word_1_157' title='bbox 663 1457 733 1484; x_wconf 86' lang='lat' dir='ltr'>Non</span> <span class='ocrx_word' id='word_1_158' title='bbox 751 1455 861 1483; x_wconf 81' lang='lat' dir='ltr'>mirum</span> <span class='ocrx_word' id='word_1_159' title='bbox 879 1454 1006 1482; x_wconf 82' lang='lat' dir='ltr'>alterius</span> <span class='ocrx_word' id='word_1_160' title='bbox 1023 1462 1090 1482; x_wconf 84' lang='lat' dir='ltr'>sese</span> <span class='ocrx_word' id='word_1_161' title='bbox 1107 1452 1131 1479; x_wconf 90' lang='lat' dir='ltr'>si</span> <span class='ocrx_word' id='word_1_162' title='bbox 1149 1451 1292 1479; x_wconf 86' lang='lat' dir='ltr'>laudibus</span> <span class='ocrx_word' id='word_1_163' title='bbox 1308 1453 1417 1478; x_wconf 85' lang='lat' dir='ltr'>ornent</span> 
     </span>
     <span class='ocr_line' id='line_1_29' title="bbox 703 1498 1328 1540; baseline -0.011 -7"><span class='ocrx_word' id='word_1_164' title='bbox 703 1503 881 1540; x_wconf 78' lang='lat' dir='ltr'>Scotophile</span> <span class='ocrx_word' id='word_1_165' title='bbox 900 1503 1001 1534; x_wconf 76' lang='lat' dir='ltr'>Musa,</span> <span class='ocrx_word' id='word_1_166' title='bbox 1020 1501 1123 1530; x_wconf 77' lang='lat' dir='ltr'>Scotia</span> <span class='ocrx_word' id='word_1_167' title='bbox 1141 1498 1328 1536; x_wconf 79' lang='lat' dir='ltr'>Musophile.</span> 
     </span>
    </p>
   </div>
   <div class='ocr_carea' id='block_1_9' title="bbox 819 1725 1450 1760">
    <p class='ocr_par' dir='ltr' id='par_1_18' title="bbox 819 1725 1450 1760">
     <span class='ocr_line' id='line_1_30' title="bbox 819 1725 1450 1760; baseline -0.01 0"><span class='ocrx_word' id='word_1_168' title='bbox 819 1729 1016 1760; x_wconf 64' lang='lat' dir='ltr'>llliSlODl</span> <span class='ocrx_word' id='word_1_169' title='bbox 1048 1725 1450 1758; x_wconf 72' lang='lat' dir='ltr'>INTERI&#39;RETATIO.</span> 
     </span>
    </p>
   </div>
   <div class='ocr_carea' id='block_1_10' title="bbox 665 1808 1520 2091">
    <p class='ocr_par' dir='ltr' id='par_1_19' title="bbox 665 1808 1464 1895">
     <span class='ocr_line' id='line_1_31' title="bbox 665 1808 1464 1847; baseline -0.01 -4"><span class='ocrx_word' id='word_1_170' title='bbox 665 1815 783 1844; x_wconf 82' lang='lat' dir='ltr'>Clarior</span> <span class='ocrx_word' id='word_1_171' title='bbox 799 1819 887 1842; x_wconf 77' lang='lat' dir='ltr'>estne</span> <span class='ocrx_word' id='word_1_172' title='bbox 905 1818 957 1841; x_wconf 89' lang='lat' dir='ltr'>tuo</span> <span class='ocrx_word' id='word_1_173' title='bbox 974 1812 1102 1841; x_wconf 80' lang='lat' dir='ltr'>veniens</span> <span class='ocrx_word' id='word_1_174' title='bbox 1119 1811 1189 1847; x_wconf 76' lang='lat' dir='ltr'>quia</span> <span class='ocrx_word' id='word_1_175' title='bbox 1207 1815 1327 1846; x_wconf 84' lang='lat' dir='ltr'>pectore</span> <span class='ocrx_word' id='word_1_176' title='bbox 1343 1808 1464 1836; x_wconf 80' lang='lat' dir='ltr'>virtus?</span> 
     </span>
     <span class='ocr_line' id='line_1_32' title="bbox 705 1859 1361 1895; baseline -0.009 -4"><span class='ocrx_word' id='word_1_177' title='bbox 705 1864 751 1891; x_wconf 72' lang='lat' dir='ltr'>An</span> <span class='ocrx_word' id='word_1_178' title='bbox 770 1863 823 1891; x_wconf 89' lang='lat' dir='ltr'>tibi</span> <span class='ocrx_word' id='word_1_179' title='bbox 842 1862 964 1890; x_wconf 75' lang='lat' dir='ltr'>virtutis</span> <span class='ocrx_word' id='word_1_180' title='bbox 981 1860 1105 1890; x_wconf 81' lang='lat' dir='ltr'>nornine</span> <span class='ocrx_word' id='word_1_181' title='bbox 1123 1859 1221 1895; x_wconf 78' lang='lat' dir='ltr'>surgit</span> <span class='ocrx_word' id='word_1_182' title='bbox 1238 1859 1361 1886; x_wconf 85' lang='lat' dir='ltr'>honos?</span> 
     </span>
    </p>

    <p class='ocr_par' dir='ltr' id='par_1_20' title="bbox 667 1907 1520 1996">
     <span class='ocr_line' id='line_1_33' title="bbox 667 1907 1414 1941; baseline -0.009 0"><span class='ocrx_word' id='word_1_183' title='bbox 667 1913 726 1941; x_wconf 82' lang='lat' dir='ltr'>Sed</span> <span class='ocrx_word' id='word_1_184' title='bbox 743 1912 826 1940; x_wconf 75' lang='lat' dir='ltr'>velut</span> <span class='ocrx_word' id='word_1_185' title='bbox 843 1910 968 1939; x_wconf 76' lang='lat' dir='ltr'>artificis</span> <span class='ocrx_word' id='word_1_186' title='bbox 985 1911 1053 1938; x_wconf 84' lang='lat' dir='ltr'>laus</span> <span class='ocrx_word' id='word_1_187' title='bbox 1069 1919 1115 1937; x_wconf 76' lang='lat' dir='ltr'>est</span> <span class='ocrx_word' id='word_1_188' title='bbox 1132 1908 1287 1936; x_wconf 75' lang='lat' dir='ltr'>animasse</span> <span class='ocrx_word' id='word_1_189' title='bbox 1297 1907 1414 1935; x_wconf 87' lang='lat' dir='ltr'>colores</span> 
     </span>
     <span class='ocr_line' id='line_1_34' title="bbox 707 1955 1520 1996; baseline -0.009 -8"><span class='ocrx_word' id='word_1_190' title='bbox 707 1961 835 1996; x_wconf 73' lang='lat' dir='ltr'>Magna,</span> <span class='ocrx_word' id='word_1_191' title='bbox 852 1965 880 1988; x_wconf 88' lang='lat' dir='ltr'>et</span> <span class='ocrx_word' id='word_1_192' title='bbox 897 1959 977 1995; x_wconf 78' lang='lat' dir='ltr'>quod</span> <span class='ocrx_word' id='word_1_193' title='bbox 995 1967 1110 1994; x_wconf 73' lang='lat' dir='ltr'>magno</span> <span class='ocrx_word' id='word_1_194' title='bbox 1127 1963 1200 1985; x_wconf 78' lang='lat' dir='ltr'>nata</span> <span class='ocrx_word' id='word_1_195' title='bbox 1218 1956 1357 1984; x_wconf 77' lang='lat' dir='ltr'>Minerva</span> <span class='ocrx_word' id='word_1_196' title='bbox 1375 1955 1447 1982; x_wconf 71' lang='lat' dir='ltr'>Iove</span> <span class='ocrx_word' id='word_1_197' title='bbox 1463 1959 1520 1987; x_wconf 87' lang='lat' dir='ltr'>est,</span> 
     </span>
    </p>

    <p class='ocr_par' dir='ltr' id='par_1_21' title="bbox 667 2005 1449 2091">
     <span class='ocr_line' id='line_1_35' title="bbox 667 2005 1449 2042; baseline -0.01 -4"><span class='ocrx_word' id='word_1_198' title='bbox 667 2010 717 2038; x_wconf 77' lang='lat' dir='ltr'>Sic</span> <span class='ocrx_word' id='word_1_199' title='bbox 733 2015 765 2038; x_wconf 83' lang='lat' dir='ltr'>tu</span> <span class='ocrx_word' id='word_1_200' title='bbox 783 2009 927 2037; x_wconf 84' lang='lat' dir='ltr'>virtutem</span> <span class='ocrx_word' id='word_1_201' title='bbox 943 2009 1016 2035; x_wconf 86' lang='lat' dir='ltr'>dum</span> <span class='ocrx_word' id='word_1_202' title='bbox 1034 2006 1148 2042; x_wconf 68' lang='lat' dir='ltr'>gignis,</span> <span class='ocrx_word' id='word_1_203' title='bbox 1166 2005 1286 2039; x_wconf 82' lang='lat' dir='ltr'>lambis,</span> <span class='ocrx_word' id='word_1_204' title='bbox 1303 2009 1333 2033; x_wconf 88' lang='lat' dir='ltr'>et</span> <span class='ocrx_word' id='word_1_205' title='bbox 1348 2013 1449 2036; x_wconf 78' lang='lat' dir='ltr'>ornas,</span> 
     </span>
     <span class='ocr_line' id='line_1_36' title="bbox 708 2053 1418 2091; baseline -0.01 -4"><span class='ocrx_word' id='word_1_206' title='bbox 708 2057 874 2087; x_wconf 83' lang='lat' dir='ltr'>Informem</span> <span class='ocrx_word' id='word_1_207' title='bbox 893 2056 1017 2089; x_wconf 82' lang='lat' dir='ltr'>formas,</span> <span class='ocrx_word' id='word_1_208' title='bbox 1035 2056 1271 2091; x_wconf 74' lang='lat' dir='ltr'>exanimemque</span> <span class='ocrx_word' id='word_1_209' title='bbox 1288 2053 1418 2082; x_wconf 84' lang='lat' dir='ltr'>animas.</span> 
     </span>
    </p>
   </div>
   <div class='ocr_carea' id='block_1_11' title="bbox 864 2152 1416 2223">
    <p class='ocr_par' dir='ltr' id='par_1_22' title="bbox 864 2152 1416 2223">
     <span class='ocr_line' id='line_1_37' title="bbox 867 2152 1416 2187; baseline -0.007 -7"><span class='ocrx_word' id='word_1_210' title='bbox 867 2157 871 2170; x_wconf 90' lang='lat'>¹</span> <span class='ocrx_word' id='word_1_211' title='bbox 883 2157 938 2180; x_wconf 81' lang='lat' dir='ltr'>The</span> <span class='ocrx_word' id='word_1_212' title='bbox 951 2156 1020 2179; x_wconf 64' lang='lat' dir='ltr'>usual</span> <span class='ocrx_word' id='word_1_213' title='bbox 1035 2156 1092 2187; x_wconf 64' lang='lat' dir='ltr'>play</span> <span class='ocrx_word' id='word_1_214' title='bbox 1106 2163 1138 2179; x_wconf 86' lang='lat' dir='ltr'>on</span> <span class='ocrx_word' id='word_1_215' title='bbox 1153 2155 1240 2179; x_wconf 80' lang='lat' dir='ltr'>Scotia</span> <span class='ocrx_word' id='word_1_216' title='bbox 1253 2153 1305 2178; x_wconf 78' lang='lat' dir='ltr'>and</span> <span class='ocrx_word' id='word_1_217' title='bbox 1317 2152 1416 2177; x_wconf 77' lang='grc' dir='ltr'><em>σκότος.</em></span> 
     </span>
     <span class='ocr_line' id='line_1_38' title="bbox 864 2197 1207 2223; baseline -0.003 -3"><span class='ocrx_word' id='word_1_218' title='bbox 864 2198 1031 2223; x_wconf 49' lang='lat' dir='ltr'>which-man,</span> <span class='ocrx_word' id='word_1_219' title='bbox 1047 2197 1117 2220; x_wconf 63' lang='lat' dir='ltr'>Ilm.</span> <span class='ocrx_word' id='word_1_220' title='bbox 1131 2197 1155 2219; x_wconf 93' lang='lat' dir='ltr'>ii.</span> <span class='ocrx_word' id='word_1_221' title='bbox 1171 2203 1207 2219; x_wconf 78' lang='lat'>12.</span> 
     </span>
    </p>
   </div>
  </div>
 </body>
</html>
