1883 2730
450 457 503 476 110

453 701 503 729 ¹¹5

453 1436 508 1463 130

455 1680 506 1707 135

454 1924 508 1949 ¹⁴0

453 2165 503 2193 145

827 221 926 246 MUSA
951 218 1091 245 LATINA
1115 219 1408 244 ABERDONENSIS.

649 301 762 336 Poscit,
778 306 808 330 et
824 302 942 330 alterno
957 301 1030 329 tuba
1043 300 1159 337 clangit
1175 300 1274 329 tristia
1290 305 1393 328 cantu.

649 351 750 380 Unica
766 350 899 380 femineo
915 351 1026 378 domus
1043 350 1118 378 haec
1134 350 1277 378 decorata
1293 350 1407 386 pudore

650 400 739 428 Clara
757 409 808 436 per
820 400 949 428 Arctoas
964 397 1106 427 diffundit
1123 398 1243 427 semina
1260 403 1379 434 gentes,

646 448 746 484 Atque
763 448 840 483 ide0,
857 447 998 484 genitrix,
1015 456 1118 475 carum
1136 447 1194 475 hoc
1207 446 1282 474 mihi
1300 451 1442 480 stemma,
1459 444 1582 480 tuisque

650 496 764 524 Militat
780 496 936 533 obsequiis
954 496 1135 532 Paphioque
1152 495 1278 524 inservit
1295 494 1412 523 honori.

691 546 825 573 Setonos
841 544 1008 573 manifesta
1025 545 1099 573 fides
1114 545 1278 580 cladesque
1295 552 1420 572 suorum

651 594 758 630 Erigit,
774 599 803 622 et
820 603 959 631 proceres
976 594 1054 622 inter
1071 594 1150 622 locat
1165 593 1270 621 ordine
1287 592 1396 629 primo,

652 643 698 670 Ex
714 653 774 679 quo
792 643 979 671 Malcolrnus
995 642 1134 670 distinxit
1151 642 1277 670 nomine
1293 646 1375 670 certo

652 691 827 727 Magnates‚
844 697 940 719 terras
957 691 1017 719 illis
1033 697 1061 720 et
1079 691 1143 719 iura
1162 692 1300 719 daturus.

654 741 700 768 llli
718 750 802 769 arces
821 740 979 769 Dumsrisa
995 746 1075 775 tuas,
1094 740 1231 776 finesque
1250 740 1444 777 Brigantum,

653 790 762 818 Invicti
781 790 934 818 tumulum
953 790 1054 822 Galdi,
1073 794 1251 825 tractusque
1269 788 1403 817 Silurum

650 838 769 867 Virtute
785 838 897 866 eximia
913 838 1073 866 defendere
1091 838 1207 866 fortiter
1223 837 1302 871 ausi,

652 887 733 915 Dum
751 893 888 924 quateret
905 897 1050 924 praeceps
1067 893 1205 916 nostrum
1224 886 1373 915 discordia
1390 886 1550 920 mundum,

650 936 730 965 Ante
747 937 839 965 duces
855 937 943 971 alios,
961 942 989 965 et
1006 942 1070 964 tum
1089 937 1178 965 unica
1197 935 1327 964 fulmina
1344 935 1423 964 belli.

652 985 760 1020 Dicite,
778 985 959 1022 Clydsdalii,
977 992 1080 1022 putres
1097 991 1129 1013 ut
1146 985 1280 1013 vomeris
1297 984 1366 1012 unci

653 1034 817 1062 Dissiliant
835 1034 894 1062 ictu
912 1035 1027 1069 galeae,
1045 1035 1211 1070 rastrisque
1224 1034 1337 1062 retusis

652 1084 733 1111 Ossa
751 1088 977 1119 peremptorum
995 1089 1141 1111 resonent
1157 1083 1166 1110 ἒ
1215 1083 1301 1111 Haec
1318 1081 1423 1110 funera
1441 1082 1554 1110 Scotus

655 1132 771 1160 Setono
787 1132 911 1160 ductore
927 1132 1018 1166 dedit,
1037 1132 1093 1159 scit
1110 1132 1216 1159 Glotta
1231 1140 1337 1159 cruore

654 1181 794 1215 Decolor,
811 1187 839 1210 et
858 1181 996 1209 Scoticae
1013 1182 1128 1217 pridem
1146 1180 1253 1209 ‘l'ueda
1269 1181 1381 1209 arbiter
1393 1189 1472 1208 orae.

694 1230 779 1258 Illius
795 1230 832 1258 ad
850 1230 940 1266 ripas,
957 1230 1030 1257 dum
1049 1230 1129 1265 regis
1146 1230 1229 1257 iussa
1246 1229 1381 1266 capessit

653 1279 830 1306 Indubitata
848 1279 905 1311 sui,
923 1279 995 1306 dum
1014 1288 1118 1307 muros
1135 1284 1280 1306 strenuus
1295 1278 1368 1306 olim

652 1327 830 1364 Propugnat
850 1327 977 1356 Bervica
990 1332 1068 1361 tuos,
1086 1328 1146 1355 duo
1164 1327 1292 1363 pignora
1309 1326 1436 1354 iunctim

651 1376 731 1405 Ante
748 1377 854 1404 oculos
869 1376 1010 1404 crucibus
1027 1376 1078 1411 sigi
1096 1376 1196 1404 videre
1213 1377 1269 1404 sub
1290 1375 1361 1404 altis

655 1425 762 1454 Infelix
779 1431 871 1462 pater,
890 1425 1171 1453 infortunatissima
1187 1431 1293 1459 mater,

653 1475 785 1502 Lumine
802 1475 830 1502 ni
850 1475 930 1503 sicco
947 1474 1066 1503 facinus
1080 1480 1250 1511 spectasset
1267 1480 1402 1510 uterque.

653 1523 709 1552 Illa
727 1524 806 1560 prior
823 1524 990 1560 pariturum
1009 1529 1137 1557 uterum,
1157 1523 1315 1560 Divosque
1333 1523 1486 1552 secundos

651 1573 823 1608 Clamabat,
842 1572 1030 1608 viridemque
1044 1572 1100 1599 sibi
1119 1582 1279 1609 superesse
1293 1572 1460 1606 iuventam,

653 1621 718 1648 Nec
736 1620 813 1648 tanti
828 1621 981 1657 prodenda
999 1621 1066 1648 ideo
1082 1620 1266 1649 commercia
1285 1620 1379 1656 regni.

654 1669 708 1698 Ille
725 1670 854 1697 studens
871 1669 982 1697 misero
998 1669 1095 1697 civem
1114 1678 1299 1706 praeponere
1317 1669 1393 1705 patri

656 1717 858 1754 Servavitque
875 1718 978 1746 urbem
997 1724 1178 1754 servataque
1196 1719 1268 1746 urbe
1284 1727 1438 1746 coronam.

656 1767 721 1794 Iam
741 1766 870 1794 Brutum
890 1766 1027 1794 conferre
1045 1767 1099 1794 sile
1116 1772 1259 1803 superata
1276 1772 1427 1794 vetustas.

655 1815 773 1843 Enecat
792 1815 840 1843 ille
857 1824 941 1849 suos,
959 1815 1095 1849 meritos,
1113 1824 1150 1843 ne
1167 1815 1302 1851 perderet
1319 1815 1434 1850 urbem,

657 1863 814 1892 Innocuos
831 1863 879 1892 hic
895 1863 1014 1897 occidit,
1033 1873 1071 1892 ne
1089 1864 1225 1900 proderet
1243 1864 1358 1891 urbem.

696 1913 804 1949 Longa
821 1913 930 1941 dehinc
947 1913 1040 1941 series
1056 1912 1213 1945 comitum,
1232 1913 1406 1948 longusque
1423 1917 1569 1948 nepotum

654 1961 736 1989 Ordo
752 1961 829 1995 fluit,
846 1962 917 1989 dum
937 1961 1001 1989 iura
1016 1962 1128 1989 domus
1144 1966 1173 1989 et
1191 1961 1294 1989 fraena
1311 1961 1422 1997 recepit

655 2010 796 2046 Sponsae
813 2020 900 2043 avus,
917 2016 987 2038 ante
1004 2010 1081 2038 alios
1098 2015 1183 2038 tanta
1200 2010 1310 2038 virtute
1327 2010 1474 2043 relucens,

653 2059 745 2087 Astra
763 2059 882 2087 minora
900 2059 1141 2095 premit'quanto
1157 2058 1274 2095 fulgore
1292 2058 1403 2090 Diana¹

656 2108 734 2135 Cum
753 2108 842 2143 pleno
858 2117 952 2136 cornu
970 2107 1111 2136 fraternis
1128 2108 1250 2136 aemula
1268 2106 1403 2135 flammis

658 2156 790 2190 Emicat,
807 2162 836 2184 et
854 2156 971 2184 socium
989 2157 1049 2184 iam
1067 2162 1132 2185 tum
1151 2155 1279 2193 partitur
1295 2156 1474 2193 Olympum.
