1903 2724
74 469 128 489 110

73 715 125 745 115

73 960 127 980 120

73 1206 126 1235 ¹²5

75 1453 128 1481 130

75 1697 127 1726 135

616 231 729 255 DAVID
756 231 881 255 LEFCH.

275 313 437 342 Hactenus
453 312 627 342 emersere?
673 312 733 341 Olli
750 313 936 349 obstupuere
954 313 1092 346 silentes,

273 363 486 399 Conversique
502 363 608 391 oculos
626 362 704 390 inter
721 372 752 391 se
769 368 861 399 atque
877 372 928 390 ora
947 363 1102 391 tenebant.

273 411 354 439 Tum
373 412 484 446 senior,
501 411 582 440 curis
599 412 731 440 multum
749 410 910 440 confectus
925 416 954 439 et
971 421 1048 439 aevo

271 459 412 489 Thaerus
429 461 466 488 ad
484 461 559 489 haec
578 460 732 488 Domino:
758 461 913 499 Quorsum
932 460 958 488 Ο
975 469 1122 496 quorsum
1141 460 1198 487 ista
1217 460 1375 487 ministros

274 509 405 538 Poscis?
431 509 590 546 Sacrilego
606 510 744 538 Glaucus
761 519 832 537 nam
850 509 923 538 talia
941 509 1010 537 nisu

273 559 344 595 Ipse
361 563 447 595 pater
463 558 579 595 pridem
599 559 745 587 Lethaeis
761 559 884 587 tradidit
901 558 1002 587 undis.

273 607 341 636 Nos
357 607 463 644 reliqui
481 607 510 635 in
528 607 608 636 curis
624 607 720 636 vitam
738 607 932 635 traduximus
949 616 1093 637 omnem:

274 655 338 684 Ista
354 656 495 692 equidem
515 665 572 684 nos
588 656 647 684 ista
663 656 769 690 latent,
787 655 845 684 nisi
863 657 942 693 quod
961 662 1046 692 pater
1061 655 1135 684 olim

271 706 317 734 Ad
335 711 465 734 mortem
484 706 623 734 Glaucus
638 705 779 742 carieque
796 705 918 742 situque
935 705 1073 742 sepultas

273 754 341 782 Has
357 754 471 782 dederit
487 754 621 783 chartas.
666 754 755 793 Quod
773 753 880 791 siquae
897 754 1011 782 talibus
1028 754 1101 782 insit

275 803 403 832 Utilitas
419 808 484 832 tute
500 803 566 840 ipse
585 803 672 832 vide:
697 802 892 831 tranavimus
911 812 1025 840 aequor

272 851 441 888 Cimmerii,
458 851 574 880 fateor:
599 853 743 881 tenebras
760 856 791 880 tu
809 852 927 880 discute
945 857 1076 880 nostras

272 901 336 930 Nec
353 910 448 934 mora,
463 902 639 930 chartarum
657 900 786 930 confusa
802 901 962 929 volumina
979 901 1079 929 laetus

273 950 385 983 Sumit,
402 955 432 979 et
448 950 507 979 ista
523 950 583 979 acri
601 955 770 987 noctesque
786 950 912 986 diesque
929 950 1090 979 revolvens

274 999 390 1028 Iudicio
406 999 551 1036 antiquae
568 999 752 1028 fundamina
769 999 867 1036 prima
885 999 1007 1028 carinae

274 1049 427 1086 Repperit,
444 1055 553 1078 aurato
570 1049 709 1086 Neptuni
727 1049 878 1086 impressa
895 1049 1016 1086 sigillo:

272 1098 368 1136 Queis
384 1098 515 1127 hilarata
532 1098 573 1135 pii
590 1108 680 1127 mens
697 1098 861 1135 irrequieta
878 1098 1020 1134 magistri

274 1147 385 1184 Pergit,
403 1152 432 1176 et
447 1157 615 1184 oppressos
631 1156 744 1176 somno
760 1147 852 1176 simul
869 1148 980 1176 excitat
996 1157 1106 1176 omnes

273 1196 432 1235 Quotquot
447 1202 544 1232 erant,
561 1196 686 1224 vixdum
704 1206 877 1229 numerum,
897 1202 1044 1234 tantoque
1061 1197 1154 1225 labori

274 1246 439 1282 Imparem,
456 1251 485 1274 et
502 1246 646 1283 alloquiis
662 1246 785 1274 animos
801 1246 954 1275 demulcet
970 1246 1088 1281 amicis,

273 1295 469 1332 Corporaque
486 1295 642 1323 ambrosia
660 1295 755 1323 reficit
773 1295 953 1332 languentia
971 1296 1059 1324 laeta.

273 1344 335 1372 Dat
351 1344 476 1378 victum,
494 1345 546 1372 dat
561 1353 644 1381 opes,
662 1345 713 1373 dat
729 1344 831 1372 debita
848 1344 976 1380 pristina
994 1345 1098 1373 nautis

274 1393 365 1422 Dona
384 1393 616 1429 Elphinstoniis
632 1393 788 1430 armisque
806 1393 950 1421 instruxit
967 1394 1069 1428 avitis,

273 1443 313 1470 Et
330 1442 465 1470 stimulis
481 1447 593 1470 nautas
610 1442 692 1470 haud
709 1442 856 1470 mollibus
873 1442 980 1470 incitat
996 1452 1116 1472 omnes.

273 1491 398 1520 Addidit
414 1497 442 1519 et
460 1491 552 1519 sociis
570 1492 680 1526 socios,
699 1491 870 1528 Phoebique
888 1492 1065 1520 ministrum

276 1541 481 1577 Bisephorum
499 1541 621 1577 eloquio
637 1541 793 1575 insignem
811 1546 840 1569 et
856 1541 1043 1570 caelestibus
1059 1541 1164 1575 armis,

274 1589 387 1617 Annua
404 1589 586 1618 numinibus
601 1590 732 1618 celebret
749 1590 798 1627 qui
817 1589 893 1619 festa
911 1590 1049 1624 marinis,

275 1638 395 1675 Diaque
411 1638 572 1667 caelitibus
589 1639 743 1675 persolvat
760 1644 827 1667 tura
845 1639 952 1668 beatis.

275 1686 360 1715 Ilicet
377 1687 425 1714 hic
441 1687 490 1716 ille
506 1692 554 1715 est
569 1687 630 1716 divi
649 1687 798 1723 genitoris
814 1687 919 1725 imago

273 1735 362 1770 Viva,
381 1736 474 1764 decus
491 1736 602 1773 pelagi,
619 1741 768 1773 tantoque
784 1746 922 1773 propago
939 1743 1064 1773 parente

276 1784 389 1821 Digna,
407 1794 519 1822 parens
534 1790 622 1814 tanto
639 1795 759 1823 quoque
775 1786 961 1814 exhilaratur
976 1786 1113 1820 alumno,

274 1834 374 1872 Quem
393 1834 502 1863 merito
518 1835 650 1864 Arctous
667 1844 828 1864 semonem
847 1836 975 1872 suspicit
993 1836 1093 1864 orbis:

120 1926 172 1942 110.
190 1917 312 1943 Thaerus.
329 1918 439 1940 Raetus:
461 1917 543 1940 David
558 1918 623 1945 Rait,
639 1918 772 1948 Principal.
788 1919 932 1947 1592-1632.

120 1966 173 1983 111.
193 1959 313 1982 Glaucus.
342 1958 485 1982 Alexander
499 1958 639 1985 Anderson,
653 1959 702 1982 last
720 1959 836 1982 Catholic
856 1959 989 1990 Principal,
1003 1959 1061 1982 who
1081 1959 1206 1983 alienated
1219 1959 1259 1982 the
1272 1966 1391 1982 revenues
1403 1959 1597 1996 osdegignatum
1611 1966 1635 1988 in

70 2001 113 2024 the
126 2000 232 2030 College
246 2000 297 2030 (see
312 1999 382 2022 Ker‘s
394 1999 541 2029 Danaides).

70 2041 221 2066 Strachan's
233 2040 403 2071 Panegjwicus
416 2041 593 2071 Ῐιιηιιξῃιναῖἰεχ
610 2042 678 2070 1631,
693 2049 716 2071 p.
731 2049 768 2070 27.

121 2089 174 2112 132.
195 2081 355 2112 Bisephorus,
371 2081 512 2105 Forbesius.
549 2082 614 2112 John
630 2082 732 2109 For-bes,
746 2090 792 2105 son
806 2083 835 2105 os
850 2083 944 2113 Bishop
960 2082 1057 2105 Parrick
1068 2082 1169 2109 Forbes.
1183 2082 1236 2105 first
1248 2081 1336 2105 holder
1348 2081 1377 2105 of
1386 2082 1429 2104 the

71 2123 147 2146 Chair
160 2123 189 2146 of
200 2122 321 2152 Divinity.
335 2129 390 2145 now
404 2123 558 2153 Systematic
572 2123 714 2153 Theology,
728 2123 885 2146 established
898 2124 921 2146 in
938 2125 1008 2146 1620.

121 2165 174 2193 138.
193 2164 339 2191 Semonem,
357 2163 512 2187 half-deified
535 2171 634 2195 person.
670 2165 718 2188 See
737 2165 780 2188 the
799 2164 918 2194 Elogium
943 2164 1057 2187 Funchrc
1080 2163 1173 2193 [Elegy
1191 2163 1242 2192 xii.]
1266 2163 1280 2186 i.
1299 2169 1320 2191 5,
1340 2162 1372 2193 by
1386 2163 1429 2185 Dr.

73 2206 186 2230 William
201 2205 292 2230 Leslie.

1362 235 1377 255 Ν

1411 235 1423 261 α)

1294 2244 1342 2267 GG

1441 426 1482 448 l’er
1498 425 1511 447 'l
1523 425 1608 447 livrinn
1625 426 1724 448 (1³:1⁵³.

1438 463 1461 480 ct
1476 458 1643 480 x‘C'**'r:1l)il=:rri
1658 458 1737 480 virum

1440 491 1460 512 l)
1487 490 1668 513 l),lv111.xi·*1i*.·,r

1439 523 1553 549 inmugit
1568 531 1612 552 pro
1625 528 1641 545 ιι
1652 530 1737 552 rnporc

1438 556 1501 577 uolt«
1513 556 1543 584 «gii
1560 556 1634 585 Regis

1437 589 1559 611 ⁴Xbrcdvin.
1569 588 1739 617 grandaevum

1440 620 1594 644 Prinmrium.

1442 867 1581 897 Responsio
1596 867 1626 890 D.
1642 867 1671 890 D.

1441 901 1543 923 Ram-:Ti
1561 900 1670 923 l’rirnarii

1439 933 1607 964 qualisqualis.

1439 1104 1558 1128 Veterum
1572 1104 1715 1127 chartarum

1438 1137 1564 1160 exhibitio.

1440 1207 1521 1231 Prima
1535 1207 1673 1230 fundatoris

1438 1240 1552 1263 fundatio
1566 1241 1675 1263 inventa.
1688 1244 1712 1262 ct

1438 1273 1630 1300 diligentissime
1642 1281 1655 1295 a

1440 1305 1556 1329 Praesule
1569 1306 1687 1336 perlecta.

1440 1447 1512 1470 Nox-a
1525 1445 1617 1468 erectio
1627 1450 1738 1469 vett-rum

1440 1478 1618 1502 membrorum.

1441 1599 1566 1629 Imprimis
1578 1599 1703 1622 stabilitur

1441 1631 1563 1655 Prolessio
1576 1632 1628 1655 SR.

1439 1665 1602 1693 Theologiae.

1441 1705 1614 1729 Reverendum
1629 1710 1652 1728 et

1439 1738 1606 1761 clarissimum
1620 1738 1652 1760 D.
1668 1738 1698 1760 D.

1439 1771 1566 1801 JOANNEM
1581 1770 1698 1793 Fortass-

1441 1810 1516 1831 srUM,
1530 1803 1585 1826 S.S.
1600 1803 1679 1826 Theo-

1440 1836 1523 1865 logiae
1537 1836 1673 1859 Doctorem

1440 1869 1580 1896 subinnuit,

1439 1901 1602 1932 eiusdemque
1616 1901 1671 1923 Pro-

1439 1934 1559 1957 fessorem
1572 1933 1618 1956 rite

577 2000 625 2024 For
640 2000 682 2023 the
699 2000 809 2023 detailed
822 2001 928 2031 charges
941 2000 1040 2031 against
1054 2000 1193 2027 Anderson,
1207 2000 1307 2023 consult
1321 1999 1428 2023 Andrew
1440 1999 1610 2022 Universitate

1439 2031 1609 2055 Abredonensi
1623 2039 1637 2053 a

1441 2063 1658 2087 Reverendissirno
1669 2063 1742 2086 Patre

1442 2097 1566 2120 Praesule.
