<?xml version="1.0" encoding="UTF-8"?>
<!DOCTYPE html PUBLIC "-//W3C//DTD XHTML 1.0 Transitional//EN"
    "http://www.w3.org/TR/xhtml1/DTD/xhtml1-transitional.dtd">
<html xmlns="http://www.w3.org/1999/xhtml" xml:lang="en" lang="en">
 <head>
  <title>
</title>
<meta http-equiv="Content-Type" content="text/html;charset=utf-8" />
  <meta name='ocr-system' content='tesseract 3.04.00' />
  <meta name='ocr-capabilities' content='ocr_page ocr_carea ocr_par ocr_line ocrx_word'/>
</head>
<body>
  <div class='ocr_page' id='page_1' title='image "./musalatinaaberdo03gedduoft_0487.png"; bbox 0 0 1903 2724; ppageno 0'>
   <div class='ocr_carea' id='block_1_1' title="bbox 580 216 1459 251">
    <p class='ocr_par' dir='ltr' id='par_1_1' title="bbox 580 216 1459 251">
     <span class='ocr_line' id='line_1_1' title="bbox 580 216 1459 251; baseline 0.006 -13"><span class='ocrx_word' id='word_1_1' title='bbox 580 216 691 239; x_wconf 67' lang='lat' dir='ltr'>mvn)</span> <span class='ocrx_word' id='word_1_2' title='bbox 719 216 980 240; x_wconf 54' lang='lat' dir='ltr'>XXVI-lllltlilx&#39;ltllRN,</span> <span class='ocrx_word' id='word_1_3' title='bbox 1395 221 1459 251; x_wconf 70' lang='grc'>437</span> 
     </span>
    </p>
   </div>
   <div class='ocr_carea' id='block_1_2' title="bbox 100 296 1466 411">
    <p class='ocr_par' dir='ltr' id='par_1_2' title="bbox 100 296 1466 411">
     <span class='ocr_line' id='line_1_2' title="bbox 165 296 1461 329; baseline 0.003 -9"><span class='ocrx_word' id='word_1_4' title='bbox 165 296 188 320; x_wconf 88' lang='grc'>8.</span> <span class='ocrx_word' id='word_1_5' title='bbox 208 296 264 320; x_wconf 84' lang='lat' dir='ltr'>The</span> <span class='ocrx_word' id='word_1_6' title='bbox 277 297 348 320; x_wconf 78' lang='lat' dir='ltr'>usual</span> <span class='ocrx_word' id='word_1_7' title='bbox 363 297 427 320; x_wconf 83' lang='lat' dir='ltr'>wish</span> <span class='ocrx_word' id='word_1_8' title='bbox 445 297 474 320; x_wconf 80' lang='lat' dir='ltr'>os</span> <span class='ocrx_word' id='word_1_9' title='bbox 488 296 531 320; x_wconf 78' lang='lat' dir='ltr'>the</span> <span class='ocrx_word' id='word_1_10' title='bbox 550 297 632 325; x_wconf 85' lang='lat' dir='ltr'>times,</span> <span class='ocrx_word' id='word_1_11' title='bbox 653 297 690 320; x_wconf 83' lang='lat' dir='ltr'>for</span> <span class='ocrx_word' id='word_1_12' title='bbox 708 305 722 320; x_wconf 76' lang='lat' dir='ltr'>a</span> <span class='ocrx_word' id='word_1_13' title='bbox 740 297 868 321; x_wconf 74' lang='lat' dir='ltr'>cessation</span> <span class='ocrx_word' id='word_1_14' title='bbox 888 298 917 321; x_wconf 85' lang='lat' dir='ltr'>os</span> <span class='ocrx_word' id='word_1_15' title='bbox 931 298 1066 322; x_wconf 71' lang='lat' dir='ltr'>liostilities</span> <span class='ocrx_word' id='word_1_16' title='bbox 1084 303 1109 322; x_wconf 85' lang='lat' dir='ltr'>at</span> <span class='ocrx_word' id='word_1_17' title='bbox 1128 299 1204 323; x_wconf 84' lang='lat' dir='ltr'>home</span> <span class='ocrx_word' id='word_1_18' title='bbox 1223 300 1272 323; x_wconf 85' lang='lat' dir='ltr'>and</span> <span class='ocrx_word' id='word_1_19' title='bbox 1292 301 1386 324; x_wconf 81' lang='lat' dir='ltr'>abroad</span> <span class='ocrx_word' id='word_1_20' title='bbox 1408 302 1461 329; x_wconf 79' lang='lat' dir='ltr'>(the</span> 
     </span>
     <span class='ocr_line' id='line_1_3' title="bbox 101 336 1466 372; baseline 0.004 -13"><span class='ocrx_word' id='word_1_21' title='bbox 101 336 191 368; x_wconf 87' lang='lat' dir='ltr'>Thirty</span> <span class='ocrx_word' id='word_1_22' title='bbox 209 337 298 362; x_wconf 82' lang='lat' dir='ltr'>Years&#39;</span> <span class='ocrx_word' id='word_1_23' title='bbox 318 338 388 366; x_wconf 74' lang='lat' dir='ltr'>VVar,</span> <span class='ocrx_word' id='word_1_24' title='bbox 410 338 565 369; x_wconf 72' lang='lat'>1618-1648)‚</span> <span class='ocrx_word' id='word_1_25' title='bbox 577 337 628 361; x_wconf 81' lang='lat' dir='ltr'>and</span> <span class='ocrx_word' id='word_1_26' title='bbox 645 345 660 361; x_wconf 81' lang='lat' dir='ltr'>a</span> <span class='ocrx_word' id='word_1_27' title='bbox 681 337 816 368; x_wconf 74' lang='lat' dir='ltr'>campaign</span> <span class='ocrx_word' id='word_1_28' title='bbox 835 338 937 369; x_wconf 78' lang='lat' dir='ltr'>against</span> <span class='ocrx_word' id='word_1_29' title='bbox 956 338 998 362; x_wconf 84' lang='lat' dir='ltr'>the</span> <span class='ocrx_word' id='word_1_30' title='bbox 1017 339 1086 362; x_wconf 85' lang='lat' dir='ltr'>Turk</span> <span class='ocrx_word' id='word_1_31' title='bbox 1105 339 1231 370; x_wconf 73' lang='lat' dir='ltr'>(Masson,</span> <span class='ocrx_word' id='word_1_32' title='bbox 1257 341 1416 364; x_wconf 76' lang='lat' dir='ltr'>Drummnnd</span> <span class='ocrx_word' id='word_1_33' title='bbox 1435 341 1466 372; x_wconf 78' lang='lat' dir='ltr'>ns</span> 
     </span>
     <span class='ocr_line' id='line_1_4' title="bbox 100 378 1462 411; baseline 0.003 -10"><span class='ocrx_word' id='word_1_34' title='bbox 100 378 304 407; x_wconf 73' lang='lat' dir='ltr'>Hawlhorndcn,</span> <span class='ocrx_word' id='word_1_35' title='bbox 325 387 349 411; x_wconf 82' lang='lat' dir='ltr'>p.</span> <span class='ocrx_word' id='word_1_36' title='bbox 369 380 408 409; x_wconf 80' lang='grc'>38.</span> <span class='ocrx_word' id='word_1_37' title='bbox 444 380 484 403; x_wconf 85' lang='grc' dir='ltr'><strong><em>οη</em></strong></span> <span class='ocrx_word' id='word_1_38' title='bbox 503 387 569 410; x_wconf 80' lang='lat' dir='ltr'>page</span> <span class='ocrx_word' id='word_1_39' title='bbox 587 386 617 409; x_wconf 72' lang='lat'>54</span> <span class='ocrx_word' id='word_1_40' title='bbox 635 379 667 402; x_wconf 84' lang='lat' dir='ltr'>he</span> <span class='ocrx_word' id='word_1_41' title='bbox 686 386 753 409; x_wconf 73' lang='lat' dir='ltr'>says&#39;,</span> <span class='ocrx_word' id='word_1_42' title='bbox 771 383 796 402; x_wconf 84' lang='lat' dir='ltr'>to</span> <span class='ocrx_word' id='word_1_43' title='bbox 809 379 844 402; x_wconf 79' lang='lat' dir='ltr'>lill</span> <span class='ocrx_word' id='word_1_44' title='bbox 864 387 897 410; x_wconf 86' lang='lat' dir='ltr'>up</span> <span class='ocrx_word' id='word_1_45' title='bbox 915 379 958 403; x_wconf 80' lang='lat' dir='ltr'>the</span> <span class='ocrx_word' id='word_1_46' title='bbox 976 380 1085 408; x_wconf 81' lang='lat' dir='ltr'>volume,</span> <span class='ocrx_word' id='word_1_47' title='bbox 1103 380 1136 403; x_wconf 88' lang='lat' dir='ltr'>he</span> <span class='ocrx_word' id='word_1_48' title='bbox 1153 381 1200 404; x_wconf 75' lang='lat' dir='ltr'>has</span> <span class='ocrx_word' id='word_1_49' title='bbox 1218 381 1299 405; x_wconf 79' lang='lat' dir='ltr'>added</span> <span class='ocrx_word' id='word_1_50' title='bbox 1321 382 1462 405; x_wconf 77' lang='lat' dir='ltr'>Simonidis</span> 
     </span>
    </p>
   </div>
   <div class='ocr_carea' id='block_1_3' title="bbox 100 419 1462 491">
    <p class='ocr_par' dir='ltr' id='par_1_3' title="bbox 100 419 1462 491">
     <span class='ocr_line' id='line_1_5' title="bbox 102 419 1462 452; baseline 0.003 -10"><span class='ocrx_word' id='word_1_51' title='bbox 102 419 268 450; x_wconf 82' lang='lat' dir='ltr'>Laehrymae,</span> <span class='ocrx_word' id='word_1_52' title='bbox 289 428 329 451; x_wconf 80' lang='lat' dir='ltr'>pp.</span> <span class='ocrx_word' id='word_1_53' title='bbox 344 427 382 450; x_wconf 77' lang='grc'>55,</span> <span class='ocrx_word' id='word_1_54' title='bbox 397 427 441 450; x_wconf 85' lang='grc'>57;</span> <span class='ocrx_word' id='word_1_55' title='bbox 461 420 533 444; x_wconf 80' lang='lat' dir='ltr'>Zeno</span> <span class='ocrx_word' id='word_1_56' title='bbox 551 419 676 444; x_wconf 76' lang='lat' dir='ltr'>redivivus</span> <span class='ocrx_word' id='word_1_57' title='bbox 690 419 721 443; x_wconf 80' lang='lat' dir='ltr'>ad</span> <span class='ocrx_word' id='word_1_58' title='bbox 735 420 839 448; x_wconf 70' lang='lat' dir='ltr'>amieos⁷</span> <span class='ocrx_word' id='word_1_59' title='bbox 854 427 892 450; x_wconf 84' lang='lat'>57.</span> <span class='ocrx_word' id='word_1_60' title='bbox 906 427 950 449; x_wconf 75' lang='lat'>59:</span> <span class='ocrx_word' id='word_1_61' title='bbox 979 421 1138 451; x_wconf 75' lang='lat' dir='ltr'>Integritatis</span> <span class='ocrx_word' id='word_1_62' title='bbox 1149 421 1310 448; x_wconf 75' lang='lat' dir='ltr'>Encoxnium,</span> <span class='ocrx_word' id='word_1_63' title='bbox 1325 429 1368 452; x_wconf 72' lang='lat'>50;</span> <span class='ocrx_word' id='word_1_64' title='bbox 1388 423 1462 446; x_wconf 78' lang='lat' dir='ltr'>Vitae</span> 
     </span>
     <span class='ocr_line' id='line_1_6' title="bbox 100 460 444 491; baseline 0.003 -8"><span class='ocrx_word' id='word_1_65' title='bbox 100 460 209 484; x_wconf 80' lang='lat' dir='ltr'>Futurae</span> <span class='ocrx_word' id='word_1_66' title='bbox 222 461 329 488; x_wconf 73' lang='lat' dir='ltr'>Gaudia,</span> <span class='ocrx_word' id='word_1_67' title='bbox 343 462 381 490; x_wconf 80' lang='lat'>60,</span> <span class='ocrx_word' id='word_1_68' title='bbox 395 462 444 491; x_wconf 87' lang='lat'>61).</span> 
     </span>
    </p>
   </div>
   <div class='ocr_carea' id='block_1_4' title="bbox 98 501 1461 780">
    <p class='ocr_par' dir='ltr' id='par_1_4' title="bbox 100 501 1461 615">
     <span class='ocr_line' id='line_1_7' title="bbox 163 501 1460 534; baseline 0.002 -10"><span class='ocrx_word' id='word_1_69' title='bbox 163 501 219 525; x_wconf 85' lang='lat' dir='ltr'>The</span> <span class='ocrx_word' id='word_1_70' title='bbox 238 502 362 525; x_wconf 73' lang='lat' dir='ltr'>Ceulnria</span> <span class='ocrx_word' id='word_1_71' title='bbox 385 502 486 526; x_wconf 77' lang='lat' dir='ltr'>Tcrtia¹</span> <span class='ocrx_word' id='word_1_72' title='bbox 504 502 533 525; x_wconf 83' lang='lat' dir='ltr'>of</span> <span class='ocrx_word' id='word_1_73' title='bbox 552 502 596 525; x_wconf 87' lang='lat' dir='ltr'>the</span> <span class='ocrx_word' id='word_1_74' title='bbox 615 501 799 525; x_wconf 83' lang='lat' dir='ltr'>Meditationes</span> <span class='ocrx_word' id='word_1_75' title='bbox 820 502 982 533; x_wconf 73' lang='lat' dir='ltr'>Campestres</span> <span class='ocrx_word' id='word_1_76' title='bbox 1000 503 1126 533; x_wconf 79' lang='lat' dir='ltr'>appeared</span> <span class='ocrx_word' id='word_1_77' title='bbox 1149 503 1173 526; x_wconf 85' lang='lat' dir='ltr'>in</span> <span class='ocrx_word' id='word_1_78' title='bbox 1198 505 1255 534; x_wconf 63' lang='lat'>16⁴1</span> <span class='ocrx_word' id='word_1_79' title='bbox 1283 504 1460 534; x_wconf 72' lang='lat' dir='ltr'>(Aberdoniac.</span> 
     </span>
     <span class='ocr_line' id='line_1_8' title="bbox 100 541 1461 575; baseline 0.002 -11"><span class='ocrx_word' id='word_1_80' title='bbox 100 541 208 572; x_wconf 76' lang='lat' dir='ltr'>Raban).</span> <span class='ocrx_word' id='word_1_81' title='bbox 244 543 299 566; x_wconf 85' lang='lat' dir='ltr'>Itis</span> <span class='ocrx_word' id='word_1_82' title='bbox 312 542 445 567; x_wconf 81' lang='lat' dir='ltr'>dedicated</span> <span class='ocrx_word' id='word_1_83' title='bbox 459 548 485 566; x_wconf 92' lang='lat' dir='ltr'>to</span> <span class='ocrx_word' id='word_1_84' title='bbox 501 542 599 566; x_wconf 83' lang='lat' dir='ltr'>Patrick</span> <span class='ocrx_word' id='word_1_85' title='bbox 621 542 750 574; x_wconf 80' lang='lat' dir='ltr'>Urquliart</span> <span class='ocrx_word' id='word_1_86' title='bbox 769 543 912 574; x_wconf 78' lang='lat' dir='ltr'>(Spalding,</span> <span class='ocrx_word' id='word_1_87' title='bbox 932 543 956 567; x_wconf 84' lang='lat' dir='ltr'>ii.</span> <span class='ocrx_word' id='word_1_88' title='bbox 973 544 1030 574; x_wconf 80' lang='lat'>335)</span> <span class='ocrx_word' id='word_1_89' title='bbox 1050 543 1230 568; x_wconf 70' lang='lat' dir='ltr'>“hereditario</span> <span class='ocrx_word' id='word_1_90' title='bbox 1249 545 1412 575; x_wconf 69' lang='lat' dir='ltr'>proprietario</span> <span class='ocrx_word' id='word_1_91' title='bbox 1427 545 1461 567; x_wconf 66' lang='lat' dir='ltr'>&lt;le</span> 
     </span>
     <span class='ocr_line' id='line_1_9' title="bbox 101 582 1329 615; baseline 0.002 -10"><span class='ocrx_word' id='word_1_92' title='bbox 101 582 236 611; x_wconf 78' lang='lat' dir='ltr'>Meldrum,</span> <span class='ocrx_word' id='word_1_93' title='bbox 249 583 354 607; x_wconf 82' lang='lat' dir='ltr'>domino</span> <span class='ocrx_word' id='word_1_94' title='bbox 367 583 398 607; x_wconf 87' lang='lat' dir='ltr'>dc</span> <span class='ocrx_word' id='word_1_95' title='bbox 413 583 577 612; x_wconf 77' lang='lat' dir='ltr'>Lethcntie‚”</span> <span class='ocrx_word' id='word_1_96' title='bbox 590 588 639 607; x_wconf 86' lang='lat' dir='ltr'>etc.</span> <span class='ocrx_word' id='word_1_97' title='bbox 677 583 705 606; x_wconf 88' lang='lat' dir='ltr'>In</span> <span class='ocrx_word' id='word_1_98' title='bbox 719 583 762 606; x_wconf 83' lang='lat' dir='ltr'>the</span> <span class='ocrx_word' id='word_1_99' title='bbox 775 583 932 612; x_wconf 60' lang='lat' dir='ltr'>dedication,</span> <span class='ocrx_word' id='word_1_100' title='bbox 945 592 969 615; x_wconf 82' lang='lat' dir='ltr'>p.</span> <span class='ocrx_word' id='word_1_101' title='bbox 983 591 1006 614; x_wconf 82' lang='lat'>7,</span> <span class='ocrx_word' id='word_1_102' title='bbox 1020 585 1053 607; x_wconf 74' lang='lat' dir='ltr'>lic</span> <span class='ocrx_word' id='word_1_103' title='bbox 1066 586 1151 608; x_wconf 81' lang='lat' dir='ltr'>writes</span> <span class='ocrx_word' id='word_1_104' title='bbox 1163 586 1193 607; x_wconf 87' lang='lat' dir='ltr'>os</span> <span class='ocrx_word' id='word_1_105' title='bbox 1203 586 1279 608; x_wconf 78' lang='lat' dir='ltr'>Amor</span> <span class='ocrx_word' id='word_1_106' title='bbox 1290 592 1329 608; x_wconf 78' lang='lat'>2—-</span> 
     </span>
    </p>

    <p class='ocr_par' dir='ltr' id='par_1_5' title="bbox 98 624 1144 780">
     <span class='ocr_line' id='line_1_10' title="bbox 455 624 1101 655; baseline 0.003 -8"><span class='ocrx_word' id='word_1_107' title='bbox 455 627 469 637; x_wconf 83' lang='lat'><em>“</em></span> <span class='ocrx_word' id='word_1_108' title='bbox 480 625 536 655; x_wconf 85' lang='lat' dir='ltr'>lpse</span> <span class='ocrx_word' id='word_1_109' title='bbox 549 632 619 648; x_wconf 83' lang='lat' dir='ltr'>arnor</span> <span class='ocrx_word' id='word_1_110' title='bbox 632 629 671 648; x_wconf 76' lang='lat' dir='ltr'>est</span> <span class='ocrx_word' id='word_1_111' title='bbox 684 624 784 648; x_wconf 79' lang='lat' dir='ltr'>sibimet</span> <span class='ocrx_word' id='word_1_112' title='bbox 797 625 967 655; x_wconf 79' lang='lat' dir='ltr'>pulcherrima</span> <span class='ocrx_word' id='word_1_113' title='bbox 980 626 1101 649; x_wconf 76' lang='lat' dir='ltr'>inerccs.&#39;&#39;</span> 
     </span>
     <span class='ocr_line' id='line_1_11' title="bbox 98 664 920 695; baseline 0.004 -8"><span class='ocrx_word' id='word_1_114' title='bbox 98 664 160 687; x_wconf 75' lang='lat' dir='ltr'>This</span> <span class='ocrx_word' id='word_1_115' title='bbox 173 665 193 688; x_wconf 85' lang='lat' dir='ltr'>is</span> <span class='ocrx_word' id='word_1_116' title='bbox 206 672 238 688; x_wconf 84' lang='lat' dir='ltr'>an</span> <span class='ocrx_word' id='word_1_117' title='bbox 251 665 316 689; x_wconf 83' lang='lat' dir='ltr'>echo</span> <span class='ocrx_word' id='word_1_118' title='bbox 328 665 358 689; x_wconf 82' lang='lat' dir='ltr'>of</span> <span class='ocrx_word' id='word_1_119' title='bbox 367 665 445 689; x_wconf 80' lang='lat' dir='ltr'>Silius</span> <span class='ocrx_word' id='word_1_120' title='bbox 459 665 570 689; x_wconf 83' lang='lat' dir='ltr'>Italicus&#39;</span> <span class='ocrx_word' id='word_1_121' title='bbox 585 665 684 689; x_wconf 83' lang='lat' dir='ltr'>famous</span> <span class='ocrx_word' id='word_1_122' title='bbox 698 665 758 693; x_wconf 87' lang='lat' dir='ltr'>line,</span> <span class='ocrx_word' id='word_1_123' title='bbox 774 673 810 695; x_wconf 79' lang='lat'>13.</span> <span class='ocrx_word' id='word_1_124' title='bbox 824 667 870 695; x_wconf 76' lang='lat'>663</span> <span class='ocrx_word' id='word_1_125' title='bbox 881 673 920 690; x_wconf 72' lang='lat'>:—</span> 
     </span>
     <span class='ocr_line' id='line_1_12' title="bbox 422 706 1144 738; baseline 0.003 -9"><span class='ocrx_word' id='word_1_126' title='bbox 422 709 437 720; x_wconf 87' lang='lat'>“</span> <span class='ocrx_word' id='word_1_127' title='bbox 449 706 505 737; x_wconf 81' lang='lat' dir='ltr'>lpsa</span> <span class='ocrx_word' id='word_1_128' title='bbox 518 706 619 738; x_wconf 83' lang='lat' dir='ltr'>quidem</span> <span class='ocrx_word' id='word_1_129' title='bbox 633 706 712 730; x_wconf 82' lang='lat' dir='ltr'>virtus</span> <span class='ocrx_word' id='word_1_130' title='bbox 725 706 825 730; x_wconf 83' lang='lat' dir='ltr'>sibimet</span> <span class='ocrx_word' id='word_1_131' title='bbox 839 707 1009 738; x_wconf 80' lang='lat' dir='ltr'>pulcherrima</span> <span class='ocrx_word' id='word_1_132' title='bbox 1022 707 1144 731; x_wconf 66' lang='lat' dir='ltr'>merces.u</span> 
     </span>
     <span class='ocr_line' id='line_1_13' title="bbox 568 747 983 780; baseline 0.005 -10"><span class='ocrx_word' id='word_1_133' title='bbox 568 747 593 778; x_wconf 80' lang='grc' dir='ltr'>(·ι</span> <span class='ocrx_word' id='word_1_134' title='bbox 603 747 690 770; x_wconf 77' lang='lat' dir='ltr'>Virtue</span> <span class='ocrx_word' id='word_1_135' title='bbox 704 747 723 770; x_wconf 76' lang='lat' dir='ltr'>is</span> <span class='ocrx_word' id='word_1_136' title='bbox 736 748 768 770; x_wconf 86' lang='lat' dir='ltr'>its</span> <span class='ocrx_word' id='word_1_137' title='bbox 781 755 838 771; x_wconf 86' lang='lat' dir='ltr'>own</span> <span class='ocrx_word' id='word_1_138' title='bbox 852 748 983 780; x_wconf 72' lang='lat' dir='ltr'>reu-&#39;ard.&#39;&#39;)</span> 
     </span>
    </p>
   </div>
   <div class='ocr_carea' id='block_1_5' title="bbox 97 787 1459 855">
    <p class='ocr_par' dir='ltr' id='par_1_6' title="bbox 97 787 1459 855">
     <span class='ocr_line' id='line_1_14' title="bbox 162 787 1459 820; baseline 0.001 -10"><span class='ocrx_word' id='word_1_139' title='bbox 162 787 212 810; x_wconf 90' lang='lat' dir='ltr'>No.</span> <span class='ocrx_word' id='word_1_140' title='bbox 226 796 239 818; x_wconf 68' lang='lat'>4</span> <span class='ocrx_word' id='word_1_141' title='bbox 253 787 274 811; x_wconf 84' lang='lat' dir='ltr'>is</span> <span class='ocrx_word' id='word_1_142' title='bbox 287 790 301 800; x_wconf 80' lang='lat'>‘¹</span> <span class='ocrx_word' id='word_1_143' title='bbox 315 787 390 812; x_wconf 73' lang='lat' dir='ltr'>Nihil</span> <span class='ocrx_word' id='word_1_144' title='bbox 403 788 442 811; x_wconf 72' lang='lat' dir='ltr'>laic</span> <span class='ocrx_word' id='word_1_145' title='bbox 454 790 559 819; x_wconf 74' lang='lat' dir='ltr'>perennc</span> <span class='ocrx_word' id='word_1_146' title='bbox 569 788 599 812; x_wconf 77' lang='lat'>¹¹:</span> <span class='ocrx_word' id='word_1_147' title='bbox 618 788 667 812; x_wconf 79' lang='lat' dir='ltr'>and</span> <span class='ocrx_word' id='word_1_148' title='bbox 680 789 724 812; x_wconf 81' lang='lat' dir='ltr'>tlie</span> <span class='ocrx_word' id='word_1_149' title='bbox 737 788 801 820; x_wconf 75' lang='lat' dir='ltr'>style</span> <span class='ocrx_word' id='word_1_150' title='bbox 821 789 850 812; x_wconf 86' lang='lat' dir='ltr'>of</span> <span class='ocrx_word' id='word_1_151' title='bbox 865 789 996 813; x_wconf 77' lang='lat' dir='ltr'>reflection</span> <span class='ocrx_word' id='word_1_152' title='bbox 1016 794 1042 813; x_wconf 81' lang='lat' dir='ltr'>at</span> <span class='ocrx_word' id='word_1_153' title='bbox 1060 797 1126 813; x_wconf 86' lang='lat' dir='ltr'>once</span> <span class='ocrx_word' id='word_1_154' title='bbox 1144 790 1234 813; x_wconf 75' lang='lat' dir='ltr'>recalls</span> <span class='ocrx_word' id='word_1_155' title='bbox 1254 789 1348 820; x_wconf 81' lang='lat' dir='ltr'>Byron,</span> <span class='ocrx_word' id='word_1_156' title='bbox 1368 788 1459 812; x_wconf 64' lang='lat' dir='ltr'>Chimo</span> 
     </span>
     <span class='ocr_line' id='line_1_15' title="bbox 97 828 366 855; baseline 0.004 -5"><span class='ocrx_word' id='word_1_157' title='bbox 97 828 207 855; x_wconf 73' lang='lat' dir='ltr'>Ilm-old,</span> <span class='ocrx_word' id='word_1_158' title='bbox 222 828 254 852; x_wconf 79' lang='lat' dir='ltr'>iv.</span> <span class='ocrx_word' id='word_1_159' title='bbox 268 828 366 852; x_wconf 80' lang='lat' dir='ltr'>clxxxii.</span> 
     </span>
    </p>
   </div>
   <div class='ocr_carea' id='block_1_6' title="bbox 94 895 1295 1463">
    <p class='ocr_par' dir='ltr' id='par_1_7' title="bbox 337 895 1271 974">
     <span class='ocr_line' id='line_1_16' title="bbox 337 895 1271 925; baseline 0.001 -2"><span class='ocrx_word' id='word_1_160' title='bbox 337 895 462 924; x_wconf 76' lang='lat' dir='ltr'>Thebae</span> <span class='ocrx_word' id='word_1_161' title='bbox 479 895 528 923; x_wconf 93' lang='lat' dir='ltr'>ubi</span> <span class='ocrx_word' id='word_1_162' title='bbox 546 904 628 924; x_wconf 88' lang='lat' dir='ltr'>nunc</span> <span class='ocrx_word' id='word_1_163' title='bbox 645 895 803 924; x_wconf 79' lang='lat' dir='ltr'><strong>celebres?</strong></span> <span class='ocrx_word' id='word_1_164' title='bbox 826 896 875 924; x_wconf 88' lang='lat' dir='ltr'>ubi</span> <span class='ocrx_word' id='word_1_165' title='bbox 894 905 976 925; x_wconf 88' lang='lat' dir='ltr'>nunc</span> <span class='ocrx_word' id='word_1_166' title='bbox 991 897 1111 925; x_wconf 78' lang='lat' dir='ltr'>excelsa</span> <span class='ocrx_word' id='word_1_167' title='bbox 1129 896 1271 925; x_wconf 83' lang='lat' dir='ltr'>Corinthi</span> 
     </span>
     <span class='ocr_line' id='line_1_17' title="bbox 378 943 1133 974; baseline 0.001 -1"><span class='ocrx_word' id='word_1_168' title='bbox 378 943 529 973; x_wconf 84' lang='lat' dir='ltr'>Moenia?</span> <span class='ocrx_word' id='word_1_169' title='bbox 555 945 605 972; x_wconf 91' lang='lat' dir='ltr'>ubi</span> <span class='ocrx_word' id='word_1_170' title='bbox 624 944 755 973; x_wconf 86' lang='lat' dir='ltr'>Ninives</span> <span class='ocrx_word' id='word_1_171' title='bbox 772 945 879 973; x_wconf 84' lang='lat' dir='ltr'>rudera</span> <span class='ocrx_word' id='word_1_172' title='bbox 897 951 992 974; x_wconf 84' lang='lat' dir='ltr'>strata</span> <span class='ocrx_word' id='word_1_173' title='bbox 1010 945 1133 974; x_wconf 79' lang='lat' dir='ltr'>iacent?</span> 
     </span>
    </p>

    <p class='ocr_par' dir='ltr' id='par_1_8' title="bbox 339 992 1251 1080">
     <span class='ocr_line' id='line_1_18' title="bbox 339 992 1251 1032; baseline 0.001 -11"><span class='ocrx_word' id='word_1_174' title='bbox 339 993 450 1030; x_wconf 80' lang='lat' dir='ltr'>Sparta</span> <span class='ocrx_word' id='word_1_175' title='bbox 468 993 516 1020; x_wconf 84' lang='lat' dir='ltr'>ubi</span> <span class='ocrx_word' id='word_1_176' title='bbox 534 992 614 1022; x_wconf 81' lang='lat' dir='ltr'>foeta</span> <span class='ocrx_word' id='word_1_177' title='bbox 631 993 729 1022; x_wconf 87' lang='lat' dir='ltr'>viris?</span> <span class='ocrx_word' id='word_1_178' title='bbox 755 994 805 1022; x_wconf 86' lang='lat' dir='ltr'>ubi</span> <span class='ocrx_word' id='word_1_179' title='bbox 824 1003 906 1022; x_wconf 86' lang='lat' dir='ltr'>nunc</span> <span class='ocrx_word' id='word_1_180' title='bbox 923 995 1080 1031; x_wconf 73' lang='lat' dir='ltr'>Carthago</span> <span class='ocrx_word' id='word_1_181' title='bbox 1097 994 1251 1032; x_wconf 76' lang='lat' dir='ltr'>superba?</span> 
     </span>
     <span class='ocr_line' id='line_1_19' title="bbox 378 1041 1134 1080; baseline 0.004 -11"><span class='ocrx_word' id='word_1_182' title='bbox 378 1042 468 1070; x_wconf 90' lang='lat' dir='ltr'>Nunc</span> <span class='ocrx_word' id='word_1_183' title='bbox 486 1041 534 1070; x_wconf 92' lang='lat' dir='ltr'>ubi</span> <span class='ocrx_word' id='word_1_184' title='bbox 553 1042 599 1070; x_wconf 84' lang='lat' dir='ltr'>vel</span> <span class='ocrx_word' id='word_1_185' title='bbox 618 1042 765 1079; x_wconf 83' lang='lat' dir='ltr'>Solyrnae</span> <span class='ocrx_word' id='word_1_186' title='bbox 782 1043 828 1071; x_wconf 89' lang='lat' dir='ltr'>vel</span> <span class='ocrx_word' id='word_1_187' title='bbox 847 1043 1019 1080; x_wconf 81' lang='lat' dir='ltr'>Babylonis</span> <span class='ocrx_word' id='word_1_188' title='bbox 1035 1043 1134 1080; x_wconf 85' lang='lat' dir='ltr'>opes?</span> 
     </span>
    </p>

    <p class='ocr_par' dir='ltr' id='par_1_9' title="bbox 337 1090 1180 1169">
     <span class='ocr_line' id='line_1_20' title="bbox 337 1090 1180 1128; baseline 0.002 -10"><span class='ocrx_word' id='word_1_189' title='bbox 337 1091 428 1119; x_wconf 89' lang='lat' dir='ltr'>Nunc</span> <span class='ocrx_word' id='word_1_190' title='bbox 446 1091 506 1125; x_wconf 87' lang='lat' dir='ltr'>ubi,</span> <span class='ocrx_word' id='word_1_191' title='bbox 524 1100 602 1127; x_wconf 83' lang='lat' dir='ltr'>quas</span> <span class='ocrx_word' id='word_1_192' title='bbox 618 1091 692 1119; x_wconf 84' lang='lat' dir='ltr'>olim</span> <span class='ocrx_word' id='word_1_193' title='bbox 712 1090 815 1119; x_wconf 83' lang='lat' dir='ltr'>Pallas</span> <span class='ocrx_word' id='word_1_194' title='bbox 832 1092 997 1128; x_wconf 85' lang='lat' dir='ltr'>decoravit,</span> <span class='ocrx_word' id='word_1_195' title='bbox 1014 1092 1180 1121; x_wconf 81' lang='lat' dir='ltr'>Athenae?</span> 
     </span>
     <span class='ocr_line' id='line_1_21' title="bbox 379 1140 1032 1169; baseline 0.002 -1"><span class='ocrx_word' id='word_1_196' title='bbox 379 1140 471 1168; x_wconf 84' lang='lat' dir='ltr'>Orbis</span> <span class='ocrx_word' id='word_1_197' title='bbox 487 1140 615 1169; x_wconf 81' lang='lat' dir='ltr'>deliciae</span> <span class='ocrx_word' id='word_1_198' title='bbox 631 1149 713 1168; x_wconf 87' lang='lat' dir='ltr'>nunc</span> <span class='ocrx_word' id='word_1_199' title='bbox 731 1141 780 1168; x_wconf 90' lang='lat' dir='ltr'>ubi</span> <span class='ocrx_word' id='word_1_200' title='bbox 800 1141 899 1169; x_wconf 74' lang='lat' dir='ltr'>Roma</span> <span class='ocrx_word' id='word_1_201' title='bbox 915 1146 1007 1169; x_wconf 91' lang='lat' dir='ltr'>vetus</span> <span class='ocrx_word' id='word_1_202' title='bbox 1022 1141 1032 1169; x_wconf 88' lang='lat'>?</span> 
     </span>
    </p>

    <p class='ocr_par' dir='ltr' id='par_1_10' title="bbox 338 1189 1127 1275">
     <span class='ocr_line' id='line_1_22' title="bbox 338 1189 1127 1227; baseline 0.003 -10"><span class='ocrx_word' id='word_1_203' title='bbox 338 1189 385 1217; x_wconf 86' lang='lat' dir='ltr'>En</span> <span class='ocrx_word' id='word_1_204' title='bbox 403 1194 560 1217; x_wconf 81' lang='lat' dir='ltr'>tantorum</span> <span class='ocrx_word' id='word_1_205' title='bbox 577 1198 703 1226; x_wconf 88' lang='lat' dir='ltr'>operum</span> <span class='ocrx_word' id='word_1_206' title='bbox 721 1189 771 1217; x_wconf 82' lang='lat' dir='ltr'>vix</span> <span class='ocrx_word' id='word_1_207' title='bbox 788 1189 835 1218; x_wconf 82' lang='lat' dir='ltr'>vel</span> <span class='ocrx_word' id='word_1_208' title='bbox 853 1190 983 1227; x_wconf 76' lang='lat' dir='ltr'>vestigia</span> <span class='ocrx_word' id='word_1_209' title='bbox 1000 1200 1108 1219; x_wconf 89' lang='lat' dir='ltr'>cernas</span> <span class='ocrx_word' id='word_1_210' title='bbox 1123 1201 1127 1220; x_wconf 96' lang='lat'>:</span> 
     </span>
     <span class='ocr_line' id='line_1_23' title="bbox 379 1237 1034 1275; baseline 0.003 -10"><span class='ocrx_word' id='word_1_211' title='bbox 379 1237 550 1266; x_wconf 80' lang='lat' dir='ltr'>Luxuriant</span> <span class='ocrx_word' id='word_1_212' title='bbox 567 1242 691 1273; x_wconf 77' lang='lat' dir='ltr'>segetes</span> <span class='ocrx_word' id='word_1_213' title='bbox 707 1247 745 1266; x_wconf 90' lang='lat' dir='ltr'>en</span> <span class='ocrx_word' id='word_1_214' title='bbox 763 1238 813 1266; x_wconf 88' lang='lat' dir='ltr'>ubi</span> <span class='ocrx_word' id='word_1_215' title='bbox 831 1237 924 1267; x_wconf 77' lang='lat' dir='ltr'>Troia</span> <span class='ocrx_word' id='word_1_216' title='bbox 941 1239 1034 1275; x_wconf 85' lang='lat' dir='ltr'>prius.</span> 
     </span>
    </p>

    <p class='ocr_par' dir='ltr' id='par_1_11' title="bbox 338 1286 1228 1324">
     <span class='ocr_line' id='line_1_24' title="bbox 338 1286 1228 1324; baseline 0.002 -10"><span class='ocrx_word' id='word_1_217' title='bbox 338 1286 424 1315; x_wconf 84' lang='lat' dir='ltr'>Haec</span> <span class='ocrx_word' id='word_1_218' title='bbox 441 1286 490 1314; x_wconf 87' lang='lat' dir='ltr'>ubi</span> <span class='ocrx_word' id='word_1_219' title='bbox 508 1286 658 1321; x_wconf 78' lang='lat' dir='ltr'>lustratis,</span> <span class='ocrx_word' id='word_1_220' title='bbox 676 1287 823 1316; x_wconf 84' lang='lat' dir='ltr'>meditare</span> <span class='ocrx_word' id='word_1_221' title='bbox 840 1287 916 1316; x_wconf 83' lang='lat' dir='ltr'>hoc:</span> <span class='ocrx_word' id='word_1_222' title='bbox 941 1292 1065 1324; x_wconf 85' lang='lat' dir='ltr'>tempus</span> <span class='ocrx_word' id='word_1_223' title='bbox 1082 1294 1114 1316; x_wconf 92' lang='lat' dir='ltr'>ut</span> <span class='ocrx_word' id='word_1_224' title='bbox 1131 1289 1228 1322; x_wconf 54' lang='lat' dir='ltr'>urbes</span> 
     </span>
    </p>

    <p class='ocr_par' dir='ltr' id='par_1_12' title="bbox 94 1335 1295 1373">
     <span class='ocr_line' id='line_1_25' title="bbox 94 1335 1295 1373; baseline 0.003 -11"><span class='ocrx_word' id='word_1_225' title='bbox 94 1344 128 1362; x_wconf 66' lang='grc' dir='ltr'>ἰο</span> <span class='ocrx_word' id='word_1_226' title='bbox 376 1335 426 1363; x_wconf 83' lang='lat' dir='ltr'>Sic</span> <span class='ocrx_word' id='word_1_227' title='bbox 443 1344 542 1369; x_wconf 70' lang='lat' dir='ltr'>genus</span> <span class='ocrx_word' id='word_1_228' title='bbox 559 1344 652 1363; x_wconf 82' lang='lat' dir='ltr'>omne</span> <span class='ocrx_word' id='word_1_229' title='bbox 669 1335 831 1364; x_wconf 83' lang='lat' dir='ltr'>hominum</span> <span class='ocrx_word' id='word_1_230' title='bbox 851 1336 936 1365; x_wconf 88' lang='lat' dir='ltr'>Mors</span> <span class='ocrx_word' id='word_1_231' title='bbox 953 1337 1166 1373; x_wconf 75' lang='lat' dir='ltr'>pecudumque</span> <span class='ocrx_word' id='word_1_232' title='bbox 1183 1337 1295 1370; x_wconf 84' lang='lat' dir='ltr'>trahit;</span> 
     </span>
    </p>

    <p class='ocr_par' dir='ltr' id='par_1_13' title="bbox 333 1383 1119 1463">
     <span class='ocr_line' id='line_1_26' title="bbox 333 1383 1091 1422; baseline 0.004 -11"><span class='ocrx_word' id='word_1_233' title='bbox 333 1384 390 1412; x_wconf 82' lang='lat' dir='ltr'>Ast</span> <span class='ocrx_word' id='word_1_234' title='bbox 407 1383 455 1412; x_wconf 81' lang='lat' dir='ltr'>hic</span> <span class='ocrx_word' id='word_1_235' title='bbox 472 1393 509 1412; x_wconf 83' lang='lat' dir='ltr'>ne</span> <span class='ocrx_word' id='word_1_236' title='bbox 526 1383 620 1412; x_wconf 77' lang='lat' dir='ltr'>sistas</span> <span class='ocrx_word' id='word_1_237' title='bbox 637 1384 716 1412; x_wconf 82' lang='lat' dir='ltr'>ultra</span> <span class='ocrx_word' id='word_1_238' title='bbox 732 1394 898 1420; x_wconf 73' lang='lat' dir='ltr'>pergamus</span> <span class='ocrx_word' id='word_1_239' title='bbox 913 1395 918 1419; x_wconf 85' lang='lat'><em>;</em></span> <span class='ocrx_word' id='word_1_240' title='bbox 944 1391 976 1414; x_wconf 91' lang='lat' dir='ltr'>ut</span> <span class='ocrx_word' id='word_1_241' title='bbox 992 1386 1091 1422; x_wconf 82' lang='lat' dir='ltr'>urbes,</span> 
     </span>
     <span class='ocr_line' id='line_1_27' title="bbox 373 1433 1119 1463; baseline 0.003 -2"><span class='ocrx_word' id='word_1_242' title='bbox 373 1433 424 1462; x_wconf 90' lang='lat' dir='ltr'>Sic</span> <span class='ocrx_word' id='word_1_243' title='bbox 439 1434 564 1461; x_wconf 84' lang='lat' dir='ltr'>tandem</span> <span class='ocrx_word' id='word_1_244' title='bbox 582 1433 657 1462; x_wconf 84' lang='lat' dir='ltr'>haec</span> <span class='ocrx_word' id='word_1_245' title='bbox 674 1433 780 1462; x_wconf 85' lang='lat' dir='ltr'>mundi</span> <span class='ocrx_word' id='word_1_246' title='bbox 799 1433 944 1462; x_wconf 85' lang='lat' dir='ltr'>maehina</span> <span class='ocrx_word' id='word_1_247' title='bbox 960 1439 1026 1463; x_wconf 87' lang='lat' dir='ltr'>tota</span> <span class='ocrx_word' id='word_1_248' title='bbox 1043 1440 1119 1463; x_wconf 85' lang='lat' dir='ltr'>ruet.</span> 
     </span>
    </p>
   </div>
   <div class='ocr_carea' id='block_1_7' title="bbox 93 1098 108 1127">
    <p class='ocr_par' dir='ltr' id='par_1_14' title="bbox 93 1098 108 1127">
     <span class='ocr_line' id='line_1_28' title="bbox 93 1098 108 1127; textangle 90"><span class='ocrx_word' id='word_1_249' title='bbox 93 1098 108 1127; x_wconf 81' lang='grc' dir='ltr'>υι</span> 
     </span>
    </p>
   </div>
   <div class='ocr_carea' id='block_1_8' title="bbox 153 1499 993 1569">
    <p class='ocr_par' dir='ltr' id='par_1_15' title="bbox 153 1499 993 1569">
     <span class='ocr_line' id='line_1_29' title="bbox 153 1499 993 1531; baseline 0.005 -11"><span class='ocrx_word' id='word_1_250' title='bbox 153 1499 176 1521; x_wconf 74' lang='lat' dir='ltr'>S.</span> <span class='ocrx_word' id='word_1_251' title='bbox 195 1499 271 1529; x_wconf 67' lang='lat' dir='ltr'>chcs</span> <span class='ocrx_word' id='word_1_252' title='bbox 286 1499 328 1522; x_wconf 76' lang='lat' dir='ltr'>ubi</span> <span class='ocrx_word' id='word_1_253' title='bbox 344 1499 493 1530; x_wconf 70' lang='lat' dir='ltr'>Troiaj&#39;m&#39;t¹</span> <span class='ocrx_word' id='word_1_254' title='bbox 529 1499 584 1522; x_wconf 84' lang='lat' dir='ltr'>The</span> <span class='ocrx_word' id='word_1_255' title='bbox 599 1500 698 1523; x_wconf 80' lang='lat' dir='ltr'>famous</span> <span class='ocrx_word' id='word_1_256' title='bbox 710 1499 834 1524; x_wconf 79' lang='lat' dir='ltr'>medieval</span> <span class='ocrx_word' id='word_1_257' title='bbox 849 1500 928 1524; x_wconf 84' lang='lat' dir='ltr'>moral</span> <span class='ocrx_word' id='word_1_258' title='bbox 942 1505 993 1531; x_wconf 81' lang='lat' dir='ltr'>tag.</span> 
     </span>
     <span class='ocr_line' id='line_1_30' title="bbox 154 1539 586 1569; baseline 0.005 -7"><span class='ocrx_word' id='word_1_259' title='bbox 154 1539 202 1563; x_wconf 90' lang='lat' dir='ltr'>No.</span> <span class='ocrx_word' id='word_1_260' title='bbox 217 1546 248 1569; x_wconf 79' lang='lat'>29</span> <span class='ocrx_word' id='word_1_261' title='bbox 261 1540 281 1562; x_wconf 69' lang='lat' dir='ltr'>is</span> <span class='ocrx_word' id='word_1_262' title='bbox 294 1540 422 1563; x_wconf 64' lang='lat' dir='ltr'>Solatimn</span> <span class='ocrx_word' id='word_1_263' title='bbox 437 1541 586 1564; x_wconf 70' lang='lat' dir='ltr'>senectutis.</span> 
     </span>
    </p>
   </div>
   <div class='ocr_carea' id='block_1_9' title="bbox 86 1605 1168 1985">
    <p class='ocr_par' dir='ltr' id='par_1_16' title="bbox 332 1605 1089 1692">
     <span class='ocr_line' id='line_1_31' title="bbox 332 1605 1089 1643; baseline 0.001 -9"><span class='ocrx_word' id='word_1_264' title='bbox 332 1606 493 1634; x_wconf 80' lang='lat' dir='ltr'>Exhilarat</span> <span class='ocrx_word' id='word_1_265' title='bbox 510 1605 638 1634; x_wconf 88' lang='lat' dir='ltr'>iuvenes</span> <span class='ocrx_word' id='word_1_266' title='bbox 654 1615 824 1641; x_wconf 76' lang='lat' dir='ltr'>generosus</span> <span class='ocrx_word' id='word_1_267' title='bbox 839 1612 868 1635; x_wconf 86' lang='lat' dir='ltr'>et</span> <span class='ocrx_word' id='word_1_268' title='bbox 886 1607 1006 1643; x_wconf 80' lang='lat' dir='ltr'>integer</span> <span class='ocrx_word' id='word_1_269' title='bbox 1021 1607 1089 1635; x_wconf 78' lang='lat' dir='ltr'>aevi</span> 
     </span>
     <span class='ocr_line' id='line_1_32' title="bbox 371 1655 1086 1692; baseline 0.001 -9"><span class='ocrx_word' id='word_1_270' title='bbox 371 1655 529 1692; x_wconf 77' lang='lat' dir='ltr'>Sanguis:</span> <span class='ocrx_word' id='word_1_271' title='bbox 555 1665 633 1692; x_wconf 80' lang='lat' dir='ltr'>opus</span> <span class='ocrx_word' id='word_1_272' title='bbox 651 1655 749 1691; x_wconf 76' lang='lat' dir='ltr'>pascit</span> <span class='ocrx_word' id='word_1_273' title='bbox 765 1655 879 1691; x_wconf 80' lang='lat' dir='ltr'>gaudia</span> <span class='ocrx_word' id='word_1_274' title='bbox 897 1655 985 1683; x_wconf 86' lang='lat' dir='ltr'>firma</span> <span class='ocrx_word' id='word_1_275' title='bbox 1001 1656 1086 1684; x_wconf 87' lang='lat' dir='ltr'>viris.</span> 
     </span>
    </p>

    <p class='ocr_par' dir='ltr' id='par_1_17' title="bbox 329 1703 1136 1789">
     <span class='ocr_line' id='line_1_33' title="bbox 329 1703 1136 1740; baseline 0 -8"><span class='ocrx_word' id='word_1_276' title='bbox 329 1703 385 1732; x_wconf 88' lang='lat' dir='ltr'>Vis</span> <span class='ocrx_word' id='word_1_277' title='bbox 402 1704 528 1732; x_wconf 84' lang='lat' dir='ltr'>senibus</span> <span class='ocrx_word' id='word_1_278' title='bbox 545 1713 622 1740; x_wconf 87' lang='lat' dir='ltr'>quae</span> <span class='ocrx_word' id='word_1_279' title='bbox 639 1703 701 1732; x_wconf 87' lang='lat' dir='ltr'>sint</span> <span class='ocrx_word' id='word_1_280' title='bbox 718 1704 852 1732; x_wconf 87' lang='lat' dir='ltr'>solatia?</span> <span class='ocrx_word' id='word_1_281' title='bbox 879 1704 975 1733; x_wconf 83' lang='lat' dir='ltr'>Grata</span> <span class='ocrx_word' id='word_1_282' title='bbox 992 1709 1136 1734; x_wconf 85' lang='lat' dir='ltr'>senectae</span> 
     </span>
     <span class='ocr_line' id='line_1_34' title="bbox 369 1752 971 1789; baseline 0.002 -9"><span class='ocrx_word' id='word_1_283' title='bbox 369 1752 441 1781; x_wconf 84' lang='lat' dir='ltr'>Otia</span> <span class='ocrx_word' id='word_1_284' title='bbox 458 1757 542 1787; x_wconf 84' lang='lat' dir='ltr'>sunt,</span> <span class='ocrx_word' id='word_1_285' title='bbox 560 1753 628 1781; x_wconf 86' lang='lat' dir='ltr'>aevi</span> <span class='ocrx_word' id='word_1_286' title='bbox 646 1753 862 1789; x_wconf 84' lang='lat' dir='ltr'>praeteritique</span> <span class='ocrx_word' id='word_1_287' title='bbox 878 1753 971 1782; x_wconf 87' lang='lat' dir='ltr'>labor.</span> 
     </span>
    </p>

    <p class='ocr_par' dir='ltr' id='par_1_18' title="bbox 86 1801 1143 1838">
     <span class='ocr_line' id='line_1_35' title="bbox 86 1801 1143 1838; baseline 0.002 -10"><span class='ocrx_word' id='word_1_288' title='bbox 86 1810 101 1838; x_wconf 83' lang='lat'>5</span> <span class='ocrx_word' id='word_1_289' title='bbox 331 1802 470 1838; x_wconf 87' lang='lat' dir='ltr'>Spesque</span> <span class='ocrx_word' id='word_1_290' title='bbox 488 1801 726 1838; x_wconf 85' lang='lat' dir='ltr'>propinquantis</span> <span class='ocrx_word' id='word_1_291' title='bbox 742 1801 835 1836; x_wconf 88' lang='lat' dir='ltr'>vitae,</span> <span class='ocrx_word' id='word_1_292' title='bbox 852 1811 930 1838; x_wconf 86' lang='lat' dir='ltr'>quae</span> <span class='ocrx_word' id='word_1_293' title='bbox 947 1802 1013 1830; x_wconf 89' lang='lat' dir='ltr'>sola</span> <span class='ocrx_word' id='word_1_294' title='bbox 1029 1801 1143 1830; x_wconf 86' lang='lat' dir='ltr'>laboris</span> 
     </span>
    </p>

    <p class='ocr_par' dir='ltr' id='par_1_19' title="bbox 370 1850 1032 1887">
     <span class='ocr_line' id='line_1_36' title="bbox 370 1850 1032 1887; baseline 0.002 -9"><span class='ocrx_word' id='word_1_295' title='bbox 370 1850 498 1887; x_wconf 74' lang='lat' dir='ltr'>Expers,</span> <span class='ocrx_word' id='word_1_296' title='bbox 515 1855 659 1878; x_wconf 84' lang='lat' dir='ltr'>aeternae</span> <span class='ocrx_word' id='word_1_297' title='bbox 676 1850 812 1886; x_wconf 84' lang='lat' dir='ltr'>praemia</span> <span class='ocrx_word' id='word_1_298' title='bbox 828 1850 913 1887; x_wconf 90' lang='lat' dir='ltr'>pacis</span> <span class='ocrx_word' id='word_1_299' title='bbox 929 1851 1032 1879; x_wconf 85' lang='lat' dir='ltr'>habet.</span> 
     </span>
    </p>

    <p class='ocr_par' dir='ltr' id='par_1_20' title="bbox 330 1898 1168 1985">
     <span class='ocr_line' id='line_1_37' title="bbox 330 1898 1166 1937; baseline 0.002 -11"><span class='ocrx_word' id='word_1_300' title='bbox 330 1898 481 1935; x_wconf 75' lang='lat' dir='ltr'>Exempla</span> <span class='ocrx_word' id='word_1_301' title='bbox 497 1898 528 1926; x_wconf 87' lang='lat' dir='ltr'>in</span> <span class='ocrx_word' id='word_1_302' title='bbox 546 1898 635 1927; x_wconf 87' lang='lat' dir='ltr'>statis</span> <span class='ocrx_word' id='word_1_303' title='bbox 651 1898 821 1927; x_wconf 86' lang='lat' dir='ltr'>certamina</span> <span class='ocrx_word' id='word_1_304' title='bbox 838 1899 984 1937; x_wconf 88' lang='lat' dir='ltr'>gymnica</span> <span class='ocrx_word' id='word_1_305' title='bbox 1001 1900 1166 1936; x_wconf 79' lang='lat' dir='ltr'>praebent3</span> 
     </span>
     <span class='ocr_line' id='line_1_38' title="bbox 369 1947 1168 1985; baseline 0.001 -10"><span class='ocrx_word' id='word_1_306' title='bbox 369 1947 438 1985; x_wconf 73' lang='lat' dir='ltr'>Quo</span> <span class='ocrx_word' id='word_1_307' title='bbox 455 1947 577 1984; x_wconf 87' lang='lat' dir='ltr'>propior</span> <span class='ocrx_word' id='word_1_308' title='bbox 593 1952 694 1976; x_wconf 82' lang='lat' dir='ltr'>metae</span> <span class='ocrx_word' id='word_1_309' title='bbox 710 1953 766 1982; x_wconf 79' lang='lat' dir='ltr'>est,</span> <span class='ocrx_word' id='word_1_310' title='bbox 785 1948 842 1976; x_wconf 89' lang='lat' dir='ltr'>hoc</span> <span class='ocrx_word' id='word_1_311' title='bbox 858 1957 950 1984; x_wconf 85' lang='lat' dir='ltr'>mage</span> <span class='ocrx_word' id='word_1_312' title='bbox 965 1957 1071 1977; x_wconf 87' lang='lat' dir='ltr'>cursor</span> <span class='ocrx_word' id='word_1_313' title='bbox 1086 1953 1168 1977; x_wconf 86' lang='lat' dir='ltr'>ovat.</span> 
     </span>
    </p>
   </div>
   <div class='ocr_carea' id='block_1_10' title="bbox 149 2019 793 2049">
    <p class='ocr_par' dir='ltr' id='par_1_21' title="bbox 149 2019 793 2049">
     <span class='ocr_line' id='line_1_39' title="bbox 149 2019 793 2049; baseline 0.003 -7"><span class='ocrx_word' id='word_1_314' title='bbox 149 2027 171 2049; x_wconf 80' lang='lat'>7.</span> <span class='ocrx_word' id='word_1_315' title='bbox 191 2020 290 2043; x_wconf 79' lang='lat' dir='ltr'>Statis?</span> <span class='ocrx_word' id='word_1_316' title='bbox 327 2019 401 2046; x_wconf 73' lang='lat' dir='ltr'>Ovid,</span> <span class='ocrx_word' id='word_1_317' title='bbox 416 2020 498 2048; x_wconf 75' lang='lat' dir='ltr'>Fasti,</span> <span class='ocrx_word' id='word_1_318' title='bbox 512 2020 536 2042; x_wconf 82' lang='lat' dir='ltr'>ii.</span> <span class='ocrx_word' id='word_1_319' title='bbox 550 2020 612 2049; x_wconf 54' lang='lat'>52&amp;</span> <span class='ocrx_word' id='word_1_320' title='bbox 631 2023 701 2044; x_wconf 67' lang='lat' dir='ltr'>stata</span> <span class='ocrx_word' id='word_1_321' title='bbox 715 2028 793 2044; x_wconf 79' lang='lat' dir='ltr'>sacra.</span> 
     </span>
    </p>
   </div>
   <div class='ocr_carea' id='block_1_11' title="bbox 81 2060 1443 2125">
    <p class='ocr_par' dir='ltr' id='par_1_22' title="bbox 81 2060 1443 2125">
     <span class='ocr_line' id='line_1_40' title="bbox 149 2060 1443 2094; baseline 0.002 -11"><span class='ocrx_word' id='word_1_322' title='bbox 149 2060 196 2084; x_wconf 88' lang='lat' dir='ltr'>No.</span> <span class='ocrx_word' id='word_1_323' title='bbox 210 2067 239 2089; x_wconf 88' lang='grc'>95</span> <span class='ocrx_word' id='word_1_324' title='bbox 253 2060 274 2083; x_wconf 85' lang='lat' dir='ltr'>is</span> <span class='ocrx_word' id='word_1_325' title='bbox 287 2060 385 2084; x_wconf 74' lang='lat' dir='ltr'>Abusus</span> <span class='ocrx_word' id='word_1_326' title='bbox 401 2060 515 2084; x_wconf 69' lang='lat' dir='ltr'>Palm-ris</span> <span class='ocrx_word' id='word_1_327' title='bbox 530 2061 672 2084; x_wconf 59' lang='lat' dir='ltr'>Nimiam.</span> <span class='ocrx_word' id='word_1_328' title='bbox 709 2061 886 2084; x_wconf 81' lang='lat' dir='ltr'>VVedderburn</span> <span class='ocrx_word' id='word_1_329' title='bbox 902 2061 922 2084; x_wconf 72' lang='lat' dir='ltr'>is</span> <span class='ocrx_word' id='word_1_330' title='bbox 935 2061 994 2085; x_wconf 83' lang='lat' dir='ltr'>here</span> <span class='ocrx_word' id='word_1_331' title='bbox 1007 2069 1076 2090; x_wconf 80' lang='lat' dir='ltr'>seen,</span> <span class='ocrx_word' id='word_1_332' title='bbox 1091 2061 1140 2085; x_wconf 85' lang='lat' dir='ltr'>like</span> <span class='ocrx_word' id='word_1_333' title='bbox 1158 2062 1245 2092; x_wconf 77' lang='lat' dir='ltr'>James</span> <span class='ocrx_word' id='word_1_334' title='bbox 1259 2063 1313 2090; x_wconf 91' lang='lat' dir='ltr'>V1.,</span> <span class='ocrx_word' id='word_1_335' title='bbox 1326 2070 1340 2086; x_wconf 80' lang='lat' dir='ltr'>a</span> <span class='ocrx_word' id='word_1_336' title='bbox 1355 2064 1443 2094; x_wconf 67' lang='lat' dir='ltr'>licarty</span> 
     </span>
     <span class='ocr_line' id='line_1_41' title="bbox 81 2100 319 2125; baseline 0.004 -2"><span class='ocrx_word' id='word_1_337' title='bbox 81 2101 152 2124; x_wconf 84' lang='lat' dir='ltr'>hater</span> <span class='ocrx_word' id='word_1_338' title='bbox 164 2100 193 2124; x_wconf 79' lang='lat' dir='ltr'>of</span> <span class='ocrx_word' id='word_1_339' title='bbox 202 2101 319 2125; x_wconf 83' lang='lat' dir='ltr'>tobacco.</span> 
     </span>
    </p>
   </div>
   <div class='ocr_carea' id='block_1_12' title="bbox 82 2159 1444 2232">
    <p class='ocr_par' dir='ltr' id='par_1_23' title="bbox 82 2159 1444 2232">
     <span class='ocr_line' id='line_1_42' title="bbox 147 2159 1444 2194; baseline 0.004 -13"><span class='ocrx_word' id='word_1_340' title='bbox 147 2159 248 2183; x_wconf 76' lang='lat' dir='ltr'>¹“Don</span> <span class='ocrx_word' id='word_1_341' title='bbox 261 2159 395 2183; x_wconf 76' lang='lat' dir='ltr'>Sebastian</span> <span class='ocrx_word' id='word_1_342' title='bbox 408 2159 440 2183; x_wconf 87' lang='lat' dir='ltr'>de</span> <span class='ocrx_word' id='word_1_343' title='bbox 459 2160 625 2183; x_wconf 75' lang='lat' dir='ltr'>Covarrubias</span> <span class='ocrx_word' id='word_1_344' title='bbox 643 2161 699 2184; x_wconf 75' lang='lat' dir='ltr'>xvrit</span> <span class='ocrx_word' id='word_1_345' title='bbox 717 2160 799 2184; x_wconf 80' lang='lat' dir='ltr'>Three</span> <span class='ocrx_word' id='word_1_346' title='bbox 819 2161 952 2184; x_wconf 84' lang='lat' dir='ltr'>Centuries</span> <span class='ocrx_word' id='word_1_347' title='bbox 973 2161 1002 2185; x_wconf 84' lang='lat' dir='ltr'>of</span> <span class='ocrx_word' id='word_1_348' title='bbox 1019 2161 1100 2184; x_wconf 77' lang='lat' dir='ltr'>Moral</span> <span class='ocrx_word' id='word_1_349' title='bbox 1118 2161 1246 2185; x_wconf 82' lang='lat' dir='ltr'>Emblems</span> <span class='ocrx_word' id='word_1_350' title='bbox 1265 2162 1289 2185; x_wconf 90' lang='lat' dir='ltr'>in</span> <span class='ocrx_word' id='word_1_351' title='bbox 1308 2162 1444 2194; x_wconf 83' lang='lat' dir='ltr'>Spanish&#39;’</span> 
     </span>
     <span class='ocr_line' id='line_1_43' title="bbox 82 2199 681 2232; baseline 0.002 -10"><span class='ocrx_word' id='word_1_352' title='bbox 82 2200 131 2230; x_wconf 74' lang='lat' dir='ltr'>(Sir</span> <span class='ocrx_word' id='word_1_353' title='bbox 144 2199 175 2223; x_wconf 83' lang='lat' dir='ltr'>T.</span> <span class='ocrx_word' id='word_1_354' title='bbox 191 2199 308 2228; x_wconf 75' lang='lat' dir='ltr'>Browne,</span> <span class='ocrx_word' id='word_1_355' title='bbox 323 2199 454 2224; x_wconf 76' lang='lat' dir='ltr'>Christian</span> <span class='ocrx_word' id='word_1_356' title='bbox 469 2201 577 2229; x_wconf 74' lang='lat' dir='ltr'>Murals,</span> <span class='ocrx_word' id='word_1_357' title='bbox 592 2201 624 2224; x_wconf 85' lang='lat' dir='ltr'>iii.</span> <span class='ocrx_word' id='word_1_358' title='bbox 639 2202 681 2232; x_wconf 87' lang='lat' dir='ltr'>x.).</span> 
     </span>
    </p>
   </div>
  </div>
 </body>
</html>
