1903 2724
582 198 677 230 ἱιΟιΙΝ
704 199 910 229 Jouns’rox.
1380 202 1435 233 ¹45

453 278 508 309 IX.
534 279 817 310 GULIELMUS
846 279 1056 312 KETJIUS.

131 371 235 401 Georgii
257 372 363 395 Comitis
387 372 545 396 Mureschalli
568 372 670 396 scotiae
695 372 787 399 Fruer,
810 380 920 403 magnae
940 374 991 403 spei
1013 374 1116 401 iuvenis,
1136 374 1159 396 in
1183 374 1237 404 ipso
1261 375 1352 398 aetatis
1372 375 1431 397 flore

65 412 156 435 infelici
170 414 270 436 vulnere
284 421 360 443 prope
374 414 496 437 Gcncme
514 413 580 436 urbis
600 413 702 436 moenia
722 413 842 441 sublatus,
857 414 987 443 ingentem
1009 414 1103 437 luctum
1119 415 1307 438 (ie-novensiuin
1331 416 1382 438 urbi
1402 424 1430 439 <ic

64 453 188 477 maximos
201 461 327 478 maerores
339 455 392 477 suis
405 454 523 478 omnibus
535 454 642 485 reliquit,
658 455 722 477 xxiv.
739 454 803 480 Iulii,
818 455 853 478 Ao
867 455 970 483 Christi,
989 462 1057 485 ¹577·

309 537 369 566 Tot
386 537 482 566 maria
498 543 527 566 et
544 543 640 566 terras
657 543 766 566 sancto
783 539 906 567 virtutis
922 548 1027 567 amore

351 587 524 615 Einensuin
541 587 683 623 amplexa
699 592 747 615 est
763 588 845 616 culta
862 588 991 616 Geneva
1009 588 1079 616 sinu
1095 599 1102 622 ;

309 637 455 673 Dumque
471 636 553 664 viam
571 636 666 673 praeit
685 637 735 664 illa
753 637 828 665 mihi
846 638 882 665 ad
901 638 1034 666 sacraria
1051 638 1138 671 caeli,

351 685 484 714 Sustulit
501 685 612 713 immiti
632 685 734 714 Morta
751 685 890 723 maligna
907 695 1011 715 manu.

87 743 102 771 5
310 735 404 763 Nulla
420 743 557 771 unquam
575 733 659 763 ssevit
676 734 720 763 sic
738 734 844 763 funera
861 740 1000 766 moesta:
1023 745 1175 772 perennes

351 782 471 812 Sufficit
488 783 518 811 in
536 781 626 811 fletus
643 783 709 819 ipse
728 783 910 812 Lemannus
927 794 1035 821 aquas.

309 833 402 861 Parce
419 838 505 869 pater
520 832 697 870 lachrymis,
713 841 923 870 germanaque
940 839 1074 870 pectora,
1093 839 1187 871 tuque
1203 835 1276 863 urbs

351 882 494 919 Hospita.
541 882 573 911 Si
591 882 679 919 patrii
697 882 768 911 hinc
785 887 866 911 tecta
882 884 1025 912 adeunda
1042 884 1114 921 poli,

309 932 380 960 Non
398 937 535 968 poteram
553 931 692 968 propiore
708 932 785 967 solo,
803 933 920 969 potiore
937 942 1069 968 recessu,

69 990 104 1009 10
351 981 434 1009 Hinc
452 985 552 1018 petere
569 980 703 1010 aetherei
721 981 822 1009 lucida
838 982 955 1018 templa
972 982 1043 1019 poli.

128 1071 176 1095 For
189 1071 232 1094 the
244 1070 310 1094 lines
322 1070 350 1094 of
361 1071 430 1093 Beza
443 1078 475 1093 on
495 1070 578 1097 Keim,
593 1078 635 1094 sec
647 1071 799 1101 Johnston's
818 1070 922 1099 Hermes,
941 1079 964 1102 p.
978 1078 1015 1100 39.
1052 1071 1130 1094 Lines
1149 1078 1180 1095 on
1199 1071 1251 1095 him
1270 1072 1301 1103 by
1323 1072 1432 1096 Audi-ew

66 1111 185 1139 Melville‚
198 1111 255 1136 Del.
271 1112 336 1135 Poct.
356 1111 423 1134 δῖοί.
437 1111 462 1134 iit
479 1118 539 1140 123:
560 1111 677 1135 M‘Crie's
696 1111 805 1134 Anda-w
820 1111 945 1139 Melville,
961 1119 984 1142 p.
998 1119 1054 1142 411.

128 1161 150 1182 4,
170 1152 267 1180 Morta,
281 1159 330 1176 one
341 1152 369 1176 os
379 1152 422 1175 the
436 1152 512 1175 Latin
527 1152 612 1176 Fates.

449 1334 490 1365 X.
518 1333 737 1365 GULIELM
747 1334 801 1365 US
831 1333 1038 1366 KETHUS.

129 1423 229 1446 Scotiae
251 1423 432 1446 Mareschallus
446 1423 547 1450 Comes,
565 1423 684 1446 Gulielmi
698 1423 786 1454 optimi
806 1428 831 1446 et
850 1423 956 1454 piissimi
972 1424 1014 1454 qui
1027 1423 1090 1447 obiit
1103 1432 1125 1447 κ.
1145 1423 1262 1455 Augusti,
1275 1432 1343 1447 anno
1358 1425 1430 1454 1580,

63 1468 133 1495 pater
144 1471 149 1492 ;
164 1465 267 1495 Georgii
278 1465 392 1492 Comitis,
403 1465 444 1495 qui
454 1464 603 1495 dignitatem
613 1464 706 1488 avitam
718 1472 785 1488 nunc
795 1470 873 1493 tenet,
884 1469 909 1488 et
921 1465 1042 1488 Gulielmi
1052 1465 1126 1494 illius,
1136 1465 1176 1497 qui
1191 1466 1309 1489 Genevae
1320 1466 1429 1490 infausto

59 1506 161 1530 vulnere
173 1511 315 1537 peremptus
327 1511 374 1535 est,
387 1514 463 1530 avus:
483 1505 605 1536 singulari
625 1506 726 1536 pietate,
740 1506 879 1537 prudentia,
893 1511 918 1529 et
931 1507 997 1530 vitae
1016 1506 1172 1535 innocentia,
1186 1507 1315 1530 Gulielino
1333 1507 1385 1530 filio
1403 1512 1427 1530 et

61 1547 145 1579 nepoti
159 1552 290 1578 superstes,
304 1552 416 1571 extrema
429 1552 561 1571 senectute
575 1547 688 1577 piissime
701 1547 762 1570 obiit
776 1547 808 1570 ad
820 1547 843 1570 d.
857 1547 896 1571 vii.
910 1547 1001 1572 Octob.
1016 1548 1090 1572 Anno
1103 1548 1206 1576 Christi,
1222 1548 1291 1577 1581.

309 1629 401 1658 Mens
417 1628 585 1666 tranquilla
602 1627 708 1662 animi,
727 1628 830 1665 gravis
847 1633 876 1656 et
893 1633 1001 1665 pacata
1019 1633 1153 1662 senecta,

346 1678 436 1706 Clara
452 1677 564 1705 domus
582 1676 713 1713 proavis,
732 1677 826 1713 prole,
843 1677 929 1711 Lare,
946 1682 1038 1713 atque
1059 1676 1180 1713 opibus

305 1727 399 1756 Visus
414 1736 448 1755 es
464 1726 513 1755 his
528 1725 626 1754 tantis
642 1725 913 1754 fortunatissimus
929 1726 1028 1760 heros,

348 1778 466 1814 Parque
479 1776 549 1805 odio
566 1781 619 1804 aut
635 1777 735 1805 maior
751 1775 844 1804 sortis
861 1781 891 1804 et
908 1775 1051 1804 invidiae.

83 1837 97 1865 5
303 1826 343 1855 At
360 1827 442 1855 mala
458 1831 530 1854 sunt
547 1826 689 1854 subtexta
705 1825 804 1854 bonis.
850 1825 921 1853 Duo
937 1824 1044 1853 funera
1060 1824 1171 1858 cernis,

345 1876 410 1904 Ista
425 1875 465 1912 pii
483 1875 546 1903 nati
562 1884 598 1903 ac
613 1875 664 1903 illa
680 1874 804 1911 nepotis
819 1879 915 1903 erant.

307 1925 411 1954 Rebus
427 1924 457 1952 in
474 1924 621 1952 humanis
638 1924 680 1952 nil
697 1922 744 1952 fas
760 1923 875 1952 dixisse
891 1925 1026 1957 beatum,

345 1973 485 2002 Fatalem
503 1973 598 2002 donec
614 1973 738 2002 verterit
754 1973 829 2001 hora
845 1977 955 2001 rotam.

127 2062 186 2086 Gul.
201 2061 306 2086 Ketlzns.
343 2061 384 2085 IV.
402 2061 459 2084 Earl
474 2060 617 2085 Marischal.
652 2061 702 2084 For
720 2059 846 2091 pedigree‚
865 2067 908 2083 see
926 2059 999 2082 Fasti
1012 2058 1091 2082 Acad.
1110 2058 1177 2081 Mar.
1197 2057 1221 2081 ii.
1239 2063 1269 2086 43
1290 2056 1326 2080 sor
1339 2056 1422 2080 notice

60 2103 93 2132 of,
107 2103 267 2134 Longmuir’s
280 2103 427 2126 sznottar
439 2101 525 2125 Castle
539 2101 631 2132 (1873),
645 2109 668 2132 p.
681 2108 720 2130 92.

126 2143 246 2168 Piissimi.
283 2144 331 2168 For
345 2143 457 2168 Cicero's
468 2143 553 2167 attack
565 2151 597 2167 on
611 2143 661 2166 this
673 2142 833 2174 superlative,
848 2149 891 2166 see
904 2140 1042 2172 Plziltppics
1058 2147 1094 2169 13,
1110 2146 1146 2169 19,
1160 2146 1197 2169 43.
