1903 2724
68 421 118 449 ¹55

67 659 120 687 160

65 905 117 942 165

65 1159 119 1186 170

64 1407 116 1436 175

63 1645 118 1673 180

63 1891 116 1927 185

64 2145 118 2172 190

543 190 654 213 ImVIl)
681 191 746 214 ᾺἹιζῙ
756 193 946 219 ηηςκμυκχ,

308 267 398 296 Pacis
414 279 502 298 amor
517 271 605 299 terris
622 281 674 308 per
689 278 718 301 te
736 274 908 310 revirescet,
927 276 1065 306 lionoris.

307 316 400 346 Hunc
416 319 534 354 apicem
554 320 707 357 Superum
728 322 840 351 Rector
856 324 909 352 tibi
926 326 1062 354 destinat
1082 327 1145 355 uni.

306 364 439 403 Adspice
456 374 529 404 quot
546 374 643 399 terrae
661 371 753 400 fueris
771 373 934 411 pelagique
951 375 1072 411 periclis

307 414 493 451 Defunctus,
511 428 580 447 cum
599 424 627 448 te
644 420 719 449 vidit
736 427 789 450 tua
806 423 918 458 Gallia,
936 433 1005 451 cum
1024 430 1053 453 te

309 463 405 493 Duxit
421 466 457 494 ad
475 468 620 497 occiduas
638 469 780 499 iuvenem
799 471 907 508 Tagus
924 473 1035 502 aurifer
1053 474 1160 503 undas.

306 513 396 542 Sorte
413 520 466 544 tua
482 525 500 544 ο
517 517 649 546 nimium
670 518 760 548 felix!
785 521 833 549 cui
851 522 999 550 sternitur
1014 532 1139 559 aequor,

306 561 345 590 Et
361 563 475 593 celeres
492 565 567 595 iussi
585 568 714 597 veniunt
731 570 768 597 ad
784 571 913 599 carbasa
929 571 1023 600 venti.

306 611 356 640 Sic
374 613 427 642 tibi
445 624 495 644 rex
513 616 556 644 sic
574 627 688 653 magne
704 619 766 647 tuis
782 619 925 648 diadema
942 627 1098 657 perennet.

307 661 364 690 Est
380 671 426 698 ea,
445 673 505 699 rex,
523 666 618 694 animi
636 667 735 704 pietas
752 669 816 703 tibi,
834 670 933 706 gratia
950 669 1076 705 formae,

307 710 475 749 integritas
491 714 583 750 vitae,
602 717 718 746 solidae
735 717 919 747 fundamina
936 720 1020 756 pacis

307 759 425 790 Ponere
441 772 520 799 quae
536 765 646 800 valeat,
665 773 871 804 sanctumque
888 778 1020 805 aequare
1039 769 1186 799 laborem.

306 809 452 848 Namque
468 813 555 850 alios,
574 815 673 851 primo
690 815 777 845 floret
793 818 867 845 dum
884 828 954 846 vere
971 818 1108 853 iuventa,

306 857 471 897 Primaque
487 863 559 891 dum
577 864 689 893 validis
705 866 854 895 adolescit
871 867 986 895 viribus
1003 874 1098 903 aetas,

304 907 404 937 Caeca
422 911 592 948 voluptatis
610 913 761 951 luxusque
778 915 808 944 in
826 916 902 944 retia
918 926 1027 945 caecos

306 956 555 997 Praecipitesque
572 963 674 997 trahit,
692 963 846 1001 suriatque
864 965 975 994 insana
994 966 1096 994 libido.

303 1004 361 1040 Tu,
382 1007 448 1036 Rex
463 1019 561 1046 usque
578 1011 632 1046 tui,
651 1013 735 1041 vitiis
753 1015 855 1050 procul
872 1016 1029 1050 omnibus,
1046 1025 1140 1045 omne

305 1054 380 1084 Fers
397 1064 547 1094 punctum
564 1060 718 1098 vivaxque
734 1063 838 1091 omnis
854 1064 978 1093 virtutis
995 1065 1099 1101 imago
1116 1075 1158 1095 cs,

306 1103 357 1134 Sic
373 1106 427 1134 tibi
444 1117 495 1136 rex
512 1109 555 1138 sic
572 1119 687 1147 magne
703 1112 766 1140 tuis
782 1112 925 1142 diadema
943 1121 1098 1150 perennet.

306 1153 381 1182 Inde
397 1156 455 1184 tori
471 1166 610 1193 consors,
628 1169 729 1197 genus
745 1161 809 1190 alto
825 1172 842 1189 a
859 1163 1014 1199 sanguine
1031 1173 1138 1199 regum

305 1202 609 1244 Magnanimssmque
625 1209 746 1245 ducum,
766 1211 893 1247 pulchra
910 1217 938 1240 te
957 1213 1040 1249 prole
1056 1219 1216 1249 parentem

305 1251 391 1281 Fecit
408 1259 440 1282 ut
457 1255 495 1283 ad
512 1265 641 1294 superos
658 1259 762 1287 mittat
780 1265 832 1288 tua
849 1267 970 1297 sceptra
987 1267 1125 1298 nepotes

306 1300 371 1330 Nec
388 1303 453 1332 sola
470 1305 546 1334 haec
562 1307 658 1335 animi
675 1308 821 1338 decorant
837 1315 866 1339 te
884 1311 1019 1347 praemia
1036 1311 1125 1346 casti,

304 1350 403 1381 Ornat
419 1358 448 1381 et
464 1355 526 1382 alta
543 1356 640 1392 quies.
686 1358 820 1387 Omnem
839 1369 875 1388 en
894 1360 982 1394 bella,
999 1361 1123 1389 horrida
1140 1362 1225 1395 bella,

305 1400 488 1438 Implicuere
505 1406 620 1441 orbern,
638 1407 738 1443 primo
755 1409 815 1445 qua
833 1410 960 1446 Ganges
978 1411 1015 1438 ab
1032 1416 1098 1439 ortu

304 1449 369 1479 Axe
386 1451 474 1482 refert
491 1453 590 1483 lucem
610 1455 756 1485 Phoebus
772 1458 916 1487 conditve
933 1460 1070 1489 relatam.

305 1499 345 1527 At
361 1500 424 1536 tibi,
443 1502 543 1536 Carle,
562 1504 648 1532 Deus
664 1505 844 1535 clementior
860 1507 922 1536 otia
939 1508 1009 1537 fecit

304 1547 414 1586 Tuque
431 1551 502 1581 tuis.
548 1552 671 1582 Placide
688 1555 746 1583 sub
762 1555 837 1584 aviti
854 1557 990 1586 culmine
1007 1558 1077 1586 tecti

304 1597 455 1636 Coniugis
472 1602 616 1638 amplexu
633 1602 743 1632 fruitur
759 1605 901 1642 dulcique
918 1613 1066 1643 nepotum

302 1646 437 1684 Agmine
453 1651 567 1686 gaudet
583 1652 648 1689 agri
666 1662 782 1682 vacuus
799 1653 961 1684 formidine
977 1656 1084 1686 cultor.

304 1695 502 1734 Cultorisque
518 1708 623 1729 comes
641 1706 746 1737 pastor
762 1712 815 1739 per
831 1713 963 1732 amoena
979 1705 1076 1734 vireta

304 1744 458 1775 Notorum
477 1757 638 1778 nemorum
656 1752 842 1788 patulaeque
859 1753 915 1781 sub
931 1754 1049 1782 arboris
1069 1755 1178 1783 umbra

304 1793 504 1825 Carminibus
520 1798 653 1827 celebrat
670 1800 778 1836 patriis
795 1801 996 1839 Amaryllidis
1014 1803 1110 1840 ignes.

307 1843 429 1873 Interea
444 1846 604 1876 ominibus
621 1858 762 1885 proceres
778 1850 922 1888 votisque
939 1852 1084 1880 secundis

302 1890 542 1932 Adventumque
560 1896 606 1924 sui
624 1897 714 1934 regis,
733 1904 937 1936 satrapasque
953 1901 1076 1929 verendi

303 1941 463 1978 Quotquot
479 1944 649 1974 honoratos
666 1947 807 1983 legarunt
824 1948 959 1984 undique
975 1959 1071 1986 regeS,

305 1990 345 2018 Et
360 1991 508 2020 comitum
526 1993 662 2024 illustres
678 1996 792 2025 densas
807 1997 1009 2035 equitumque
1025 2005 1166 2028 catervas

305 2039 488 2077 Excipiunt3
511 2042 622 2072 citreas
637 2044 744 2073 famuli
762 2046 854 2083 longo
870 2047 996 2083 agmine
1013 2057 1140 2077 mensas

305 2088 462 2118 Extructis
478 2098 609 2121 onerant
625 2094 757 2130 dapibus
774 2095 947 2132 veterisque
965 2097 1059 2133 Lyaei

304 2136 427 2173 Pocula,
446 2149 630 2177 magnorum
648 2145 797 2179 proavum
816 2151 1029 2180 monumenta,
1048 2153 1210 2184 reponunt.

1360 203 1423 233 423
