1883 2730
438 201 502 230 442

444 289 476 307 lO

443 534 472 561 'S

435 1275 472 1301 30

436 1516 471 1544 35

433 1765 470 1789 40

432 2007 467 2035 45

838 202 861 224 M
868 203 930 226 [ΕΒΑ
958 203 1066 226 ῙΑΤῘΝ
1074 203 1093 225 Α
1122 203 1141 225 Α
1148 202 1211 225 ΒΗΚ
1218 202 1289 225 DON
1295 202 1400 226 ENSIS.

683 282 769 311 Haec
786 282 877 317 fatus,
895 283 1032 319 gemitus
1048 283 1098 311 vix
1115 283 1178 311 imo
1195 288 1316 320 pectore
1333 283 1429 319 duxit,

682 331 761 360 Cum
779 332 880 361 subito
897 332 992 360 tardis
1008 337 1069 360 tres
1086 332 1170 361 visae
1187 332 1347 369 gressibus
1363 333 1465 362 almae

681 379 857 408 Adventare
873 381 956 409 deae.
1003 381 1165 416 Sophiam,
1185 380 1384 418 Suadamque
1401 391 1522 410 sorores

684 428 729 456 Ex
745 428 834 457 terris
852 428 1007 465 profugas,
1025 429 1220 466 laniatasque
1237 429 1395 465 unguibus
1411 439 1472 463 ora,

680 476 820 505 Ducebat
839 477 951 512 Pallas,
968 477 1078 506 ferales
1095 477 1161 514 ipsa
1178 487 1345 514 cupressus

687 526 774 554 Buxo
790 526 931 562 pallidior
947 532 1076 563 gestans
1092 527 1264 564 capitisque
1280 527 1417 556 virentes

679 575 874 604 Conculcans
891 574 1024 608 frondes,
1042 575 1120 603 fusis
1136 575 1202 604 sine
1220 576 1286 613 lege
1301 576 1431 612 capillis

682 624 806 652 Limina
824 624 920 661 prima
937 625 1011 652 (leae
1029 625 1159 653 simulac
1176 624 1314 661 tetigere,
1333 635 1384 662 per
1401 626 1527 654 umbras

680 672 725 700 Ad
746 673 905 701 Phoebum
923 674 1063 707 tendunt,
1082 673 1132 701 ubi
1150 674 1235 702 solus
1253 675 1367 703 vulnus
1383 675 1485 703 alebat

681 722 849 757 Squalidus
866 722 1054 750 immensum
1073 722 1144 751 tecti
1161 722 1190 750 in
1209 723 1418 759 penetralibus
1434 723 1496 752 alti.

682 771 738 799 Cui
757 771 836 808 prior
853 771 928 800 haec
947 771 1051 799 Pallas
1068 771 1236 809 lachrymis
1253 771 1295 800 ita
1313 772 1392 801 latur
1406 773 1533 801 obortis.

683 819 838 848 Haeccine
855 819 943 848 firma
961 819 1060 849 fides?
1106 821 1219 849 Sacras
1235 821 1311 850 haec
1327 827 1399 850 vota
1416 822 1544 858 paludes

682 869 738 896 I’er
755 869 892 906 StygiaS,
912 869 1064 906 Erebique
1080 869 1214 898 domos?
1261 870 1311 899 Sic
1328 871 1458 899 numina
1473 870 1608 899 fallunt?

680 917 780 954 Atque
797 918 908 955 adytis,
926 919 1020 955 proh!
1048 918 1170 947 Phoebe
1186 919 1248 947 tuis
1263 919 1382 948 cortina
1400 919 1530 948 sacratis

681 967 787 1003 Usque
803 967 880 996 adeo
897 973 1019 996 mentes
1035 968 1129 996 lactat
1145 968 1313 1005 divumque
1330 969 1555 1005 hominumque
1570 968 1579 997 ?

679 1016 797 1044 Excidit
815 1025 895 1045 anne
911 1016 975 1052 tibi,
993 1016 1115 1053 quoties
1131 1017 1207 1045 mihi
1225 1018 1323 1046 multa
1339 1018 1460 1054 roganti

679 1065 811 1095 Dixeris.
829 1071 974 1095 aeternos
993 1066 1128 1103 Sophiae
1147 1067 1329 1104 Suadaeque
1347 1072 1506 1104 patron0S‚

679 1115 892 1152 Fautorcsque
909 1125 1020 1144 omnes
1036 1125 1159 1153 semper
1175 1115 1260 1145 fore?
1307 1116 1451 1146 Nestoris
1466 1125 1576 1151 annos,

677 1164 748 1192 Non
767 1173 915 1201 responsa
931 1165 1035 1199 dabas,
1054 1164 1145 1194 niveo
1161 1170 1190 1193 et
1208 1165 1401 1194 numeranda
1417 1165 1522 1202 lapillo

677 1212 832 1250 Tempora
849 1213 977 1242 Tithoni
995 1213 1155 1242 victuros?
1201 1214 1270 1253 Quo
1286 1214 1339 1242 tibi
1357 1214 1482 1242 tandem

680 1263 772 1291 Nunc
790 1263 898 1291 horum
917 1264 1071 1292 concessit
1088 1273 1175 1293 arnor
1191 1263 1202 1292 ?
1247 1264 1317 1302 Quo
1333 1263 1405 1299 fata,
1423 1263 1563 1292 fidesve?

677 1311 843 1340 Inventum
861 1312 1015 1340 medicina
1031 1312 1143 1341 tuum?
1187 1313 1255 1342 Vox
1271 1313 1358 1350 plura
1372 1313 1528 1342 volentem

678 1361 786 1389 Dicere
802 1360 911 1390 defecit
928 1361 1081 1397 languens
1099 1362 1155 1390 sub
1172 1361 1312 1390 saucibus
1328 1361 1408 1391 imis.

675 1409 784 1447 Qualis
800 1419 870 1438 curn
887 1410 1024 1445 excelsis,
1043 1410 1156 1447 rapidis
1173 1410 1245 1439 furit
1261 1420 1310 1440 ore
1327 1411 1435 1440 leaena

675 1457 759 1486 Trux
775 1459 886 1487 catulis
903 1459 1009 1487 orbata
1026 1459 1099 1494 suis,
1118 1459 1147 1488 in
1165 1459 1334 1495 montibus,
1351 1469 1462 1488 omnes

679 1506 848 1543 vestigans
865 1507 964 1536 oculis
980 1507 1126 1536 sinuosos
1144 1509 1279 1545 undique
1295 1513 1421 1543 tractus,

681 1554 921 1593 Amsractusque
938 1556 1004 1591 loci,
1023 1566 1184 1594 rupesque,
1201 1562 1231 1586 et
1248 1557 1406 1594 inhospita
1422 1562 1550 1594 tesqua;

679 1605 772 1633 Haud
790 1614 891 1639 secus,
908 1611 1028 1634 atroces
1044 1606 1131 1634 vultu
1148 1611 1230 1635 testa
1245 1607 1375 1641 dolores

678 1655 836 1692 Ingemuit
854 1655 966 1690 Pallas,
985 1665 1152 1692 pressoque
1168 1656 1324 1685 obmutuit
1339 1665 1400 1685 ore.

680 1705 864 1733 Successere
879 1705 954 1734 deae
970 1705 1101 1734 comites
1117 1705 1341 1742 geminamque
1357 1705 1507 1742 querelas.

676 1753 716 1781 Et
733 1753 829 1790 praeit
845 1753 902 1782 hoc
920 1753 1055 1790 Sophiae
1072 1754 1192 1790 lugubri
1209 1754 1346 1783 carmine
1364 1754 1477 1784 Suada.

679 1802 748 1831 Heu
766 1803 840 1830 nos!
866 1803 925 1831 heu
942 1803 1090 1831 miseras!
1116 1803 1205 1831 nobis
1222 1812 1303 1832 nova
1318 1802 1425 1832 funera
1442 1803 1532 1832 siccis

678 1851 724 1879 An
742 1851 910 1888 spectanda
926 1851 1024 1880 oculis
1041 1852 1155 1880 totiens
1170 1851 1180 1880 ?
1205 1857 1291 1880 totne
1308 1852 1424 1889 inclyta
1442 1853 1559 1881 Divum

675 1901 806 1929 Munera
821 1900 962 1929 concludi
979 1901 1070 1930 busto
1086 1910 1256 1936 cernemuS,
1274 1906 1303 1930 et
1320 1901 1390 1930 illos

675 1949 798 1978 Phoebe
814 1954 893 1984 tuas,
914 1949 1079 1987 Pallasque
1095 1955 1173 1985 tuas,
1191 1955 1376 1988 nostrasque
1393 1956 1517 1980 tuentur

675 1998 735 2037 Qui
752 1998 868 2033 laudes,
886 1998 1011 2027 adolent
1027 1999 1119 2028 toties
1135 1999 1244 2027 altaria
1261 1999 1361 2028 taedis

674 2047 734 2086 Qui
751 2047 856 2082 sacris,
874 2048 1096 2085 cumulantque
1112 2048 1198 2077 cadis
1214 2048 1364 2076 libamina
1381 2049 1507 2086 plenis?

676 2096 748 2124 Non
765 2095 825 2124 alio
841 2097 907 2130 hos,
924 2096 972 2125 cui
988 2097 1080 2125 corda
1096 2101 1211 2134 patent,
1228 2097 1405 2126 discrimine
1422 2097 1548 2126 habebit

674 2146 775 2183 Quam
793 2146 934 2182 gravium
952 2145 1040 2174 foeda
1057 2145 1202 2174 vitiorum
1220 2146 1287 2174 labe
1304 2146 1452 2175 notatos?
