1883 2730
438 203 500 234 342

436 390 472 420 55

437 628 474 654 60

445 1371 478 1399 75

445 1609 482 1635 80

449 2107 488 2133 90

832 199 928 224 MUSA
953 198 1090 222 LATINA
1116 195 1393 221 ABERDONENSIS.

678 281 838 311 Fluctibus
853 290 869 310 e
885 280 996 309 mediis
1011 280 1135 308 animae
1151 287 1243 315 super
1258 282 1341 306 astra
1356 277 1498 305 volantes

720 330 900 358 Iunxissent
915 329 997 358 vitae
1014 328 1150 366 praemia
1169 332 1256 363 grata
1273 335 1357 355 suae.

681 379 828 416 Sequana
844 388 902 407 nos
919 377 1101 414 Ligerisque
1118 377 1188 406 tulit
1208 376 1441 411 Rhodanusque
1457 374 1619 411 superbus,

720 428 761 456 Et
777 437 837 464 qua
854 437 886 456 se
904 426 1066 464 Hesperiis
1082 426 1184 455 Gallia
1201 424 1302 460 iungit
1318 423 1410 460 agris.

682 477 749 506 Nos
766 477 858 505 simul
875 476 974 505 aerias
990 475 1060 504 laeti
1079 474 1295 512 superavimus
1311 473 1407 510 Alpes

720 526 868 562 Canaque
884 530 1031 562 perpetuo
1047 524 1183 553 culmina
1199 528 1281 552 tecta
1297 522 1377 559 gelu,

682 575 753 613 Qua
769 574 850 603 ferus
866 574 968 602 infuso
984 578 1090 602 cautes
1107 572 1238 601 mollivit
1254 577 1341 600 aceto

721 624 844 652 Poenus
860 628 890 652 et
906 623 1063 652 insuetum
1081 621 1293 659 praecipitavit
1309 620 1373 648 iter.

681 673 817 703 Felices!
842 673 867 702 si
885 682 943 701 nos
961 672 1112 701 Lachesis
1129 677 1202 700 tunc
1218 680 1312 699 saeva
1327 669 1461 703 tulisset,

721 722 800 751 Cum
817 721 953 758 rapimur
969 721 1063 749 iuneti
1082 730 1134 757 per
1150 720 1222 756 iuga
1239 728 1351 756 perque
1367 718 1463 747 nives.

683 770 754 799 Non
771 769 885 798 misera
902 769 1036 797 invitum
1053 768 1164 796 rideret
1179 773 1258 796 terra
1274 766 1424 801 relictum,

723 820 789 848 Nec
807 823 921 856 peteret
939 827 1066 853 superas
1083 826 1172 846 mens
1188 821 1241 845 tua
1258 816 1323 844 sola
1339 816 1458 844 domos.

684 869 743 897 Sed
762 868 847 896 Deus
863 873 896 896 ut
913 867 1009 895 voluit
1025 875 1149 894 summa
1165 871 1195 894 te
1211 865 1392 894 occumbere
1409 864 1438 892 in
1457 865 1538 898 urbe,

724 917 775 946 Sic
792 916 901 945 statuit
918 925 1035 953 poenas
1052 916 1129 944 livor
1146 915 1175 942 in
1193 915 1265 943 orbe
1281 914 1367 942 mihi.

683 966 748 995 Nos
768 965 871 993 Padus
887 970 917 993 et
935 964 1016 992 Latii
1034 972 1157 992 ramosa
1173 962 1335 992 cacumina
1352 962 1442 997 dorsi,

724 1014 847 1043 Nobilis
864 1013 1004 1042 herbosis
1025 1012 1101 1041 vidit
1117 1018 1147 1040 et
1163 1012 1266 1040 Arnus
1281 1011 1381 1047 aquis.

687 1065 786 1093 Roma
803 1063 858 1091 fuit
876 1062 938 1091 voti
956 1062 1029 1090 finis
1045 1061 1228 1098 requiesque
1245 1061 1396 1094 laborum,

726 1113 847 1150 Inclyta
862 1122 922 1149 qua
939 1110 1009 1140 ssavi
1027 1110 1171 1148 Tybridis
1188 1110 1270 1138 unda
1288 1109 1364 1139 fluit.

688 1162 753 1191 Illic
770 1162 951 1199 praeteritae
968 1165 1052 1189 stant
1069 1159 1197 1196 grandia
1214 1159 1322 1187 rudera
1339 1167 1478 1196 pompae,

729 1211 827 1247 Inque
843 1219 925 1238 nova
942 1210 1055 1245 tegitur
1073 1209 1173 1237 Roma
1190 1208 1310 1244 sepulta
1327 1213 1426 1236 vetuS.

688 1260 774 1298 Quae
790 1260 875 1288 velut
892 1259 1040 1296 Assyrius
1058 1257 1194 1286 redivivo
1211 1256 1315 1286 sunere
1333 1256 1472 1285 Phoenix

730 1309 835 1344 Surgit
851 1314 879 1337 et
896 1307 1012 1336 aeterni
1030 1307 1147 1335 lumina
1165 1306 1248 1335 Solis
1265 1306 1368 1334 habet.

688 1359 774 1387 Haec
787 1363 939 1395 quantum
958 1367 1015 1386 nos
1032 1363 1105 1385 tunc
1122 1356 1230 1384 avidos
1247 1356 1378 1384 lustrata
1395 1355 1562 1383 iuvabant!

730 1407 817 1435 l‘leu!
843 1407 1010 1444 lachrymis
1027 1411 1147 1434 tuntum
1166 1415 1248 1434 nunc
1265 1410 1436 1433 memorata
1453 1408 1574 1432 nocent.

689 1457 780 1484 Nunc
797 1456 903 1492 ignara
921 1461 1007 1492 parat
1024 1455 1156 1484 redituro
1173 1460 1271 1483 mater
1287 1455 1431 1488 honores,

729 1506 903 1542 Emptaque
922 1505 1054 1533 Patricio
1071 1504 1197 1533 nomine
1213 1504 1285 1532 villa
1302 1503 1389 1532 iacet.

689 1555 779 1583 Forte
795 1555 888 1583 etiam
906 1554 987 1582 votis
1003 1559 1183 1590 exspectant
1201 1553 1314 1589 scripta
1331 1561 1460 1586 sororeS‚

730 1604 817 1641 Eque
835 1603 1002 1640 peregrinis
1020 1603 1100 1631 dona
1117 1603 1247 1630 remissa
1264 1601 1350 1630 locis.

691 1653 791 1689 Impia
807 1654 859 1681 sed
877 1652 975 1681 laetos
992 1651 1125 1680 turbabit
1142 1651 1223 1679 sama
1241 1655 1379 1687 penates,

731 1700 952 1738 MultiplicanS,
973 1700 1082 1738 Stygio
1100 1700 1189 1737 plena
1205 1699 1312 1733 surore,
1329 1699 1458 1726 malum.

690 1751 862 1779 Miscentur
877 1750 979 1778 subita
995 1750 1038 1778 sic
1055 1754 1240 1786 tempestate
1257 1757 1374 1782 serena,

731 1799 781 1828 Sic
797 1799 920 1827 animos
938 1799 1099 1827 hominum
1117 1797 1178 1826 fors
1195 1797 1321 1834 inopina
1337 1797 1452 1825 domat.

690 1849 755 1876 Iam
773 1847 842 1884 quis
858 1852 1015 1875 maternos
1032 1846 1170 1874 numeris
1185 1845 1402 1882 comprendere
1419 1844 1530 1875 luctus,

731 1895 930 1924 Tristitiaeve
945 1895 1049 1932 gravis
1067 1893 1195 1922 fulmina
1212 1899 1299 1922 tanta
1315 1892 1424 1930 queat!

694 1945 866 1973 Dissimilis
881 1944 1001 1972 cunctis
1017 1949 1046 1971 et
1064 1943 1138 1971 nulli
1155 1942 1299 1979 cognitus
1315 1951 1401 1977 aevo,

734 1994 945 2030 Exemploque
960 2002 1068 2021 carens
1085 1992 1229 2029 planctus
1245 1991 1372 2019 acerbus
1387 1991 1454 2018 erit.

698 2044 770 2072 Non
788 2043 831 2071 sic
848 2042 1065 2071 Andromache
1082 2041 1256 2070 miserando
1272 2040 1393 2069 concita
1409 2040 1496 2068 vultu

739 2092 902 2121 Deiectum
920 2091 1009 2120 tectis
1025 2090 1217 2128 Astyanacta
1234 2089 1312 2118 tulit.
