1903 2724
577 210 674 242 JonN
700 211 903 242 ἱῐωῐῐικιςτωΝ,
1365 212 1418 245 ¹35

664 291 831 319 Isthmus.

124 374 188 397 Cum
209 374 336 397 Colonato
357 380 380 398 ct
404 375 540 398 Thotnano
562 375 638 399 sociis
660 375 683 398 in
707 375 839 398 Franciam
862 375 877 405 (¹
889 375 1076 398 Orientalern':
1105 375 1247 404 Dcmpsterj
1274 375 1424 397 Germaniae

59 415 183 438 interioris
197 415 349 446 provinciam
363 416 498 446 profectu&
515 416 645 446 llerhipoli
658 421 681 439 ct
695 416 718 438 in
733 416 821 439 vicinis
835 415 898 439 locis
912 415 1070 439 Christianae
1091 415 1158 437 Fidei
1178 415 1339 438 fundamenta
1357 416 1422 440 iecit.

56 455 178 479 Geilanae
190 456 301 479 incestae
320 457 429 480 mulieris
448 457 517 480 iussu
536 457 700 480 obtruncatus
718 464 775 480 cum
795 456 870 479 sociis
888 461 926 480 est
946 456 991 479 sub
1010 456 1170 479 Theodorico
1185 457 1306 479 Francon.
1345 457 1422 485 Regu,

59 496 109 520 viii.
125 497 179 520 Iulii
195 498 269 520 Anno
282 498 374 521 Christi
388 499 434 521 633
449 499 602 529 (Denipster,
617 498 687 522 Ilist.
702 498 770 521 lic-cl.
785 498 809 521 ii.
823 498 888 528 ⁴107).

346 600 402 629 Per
419 601 515 629 maria
532 606 560 630 et
577 606 674 630 terras
691 601 802 637 longos
818 601 933 629 adiisse
951 600 1080 634 labores,

387 651 455 679 Hoc
472 656 620 684 vestrum,
637 656 666 679 et
683 656 793 687 gentes
810 649 1023 687 perdomuisse
1040 654 1150 682 truce&

347 699 389 728 Ut
406 705 549 736 caperent
566 700 682 728 alacres
699 699 845 737 mysteria
863 704 971 727 sancta
988 698 1109 732 salutis,

387 749 542 778 Exuerent
559 749 660 777 cultus
677 749 804 777 barbara
820 749 909 777 turba
925 747 1014 776 seros

345 799 383 826 Et
400 799 475 826 nihil
492 799 669 827 edomuisse
686 799 767 827 valet
783 798 845 827 fera
861 798 952 827 corda
969 797 1100 835 tyranni,

385 848 424 876 Et
441 847 515 876 nihil
534 848 668 877 incestae
685 848 774 877 corda
792 854 924 885 tyranna
942 848 1040 884 lupae.

341 897 406 925 Vos
423 907 521 934 neque
537 897 720 926 concubitus
737 898 873 926 incestos
890 896 965 925 ferre
982 896 1122 933 potestis,

385 946 425 974 Et
441 956 539 983 neque
556 946 611 975 fert
629 947 768 975 monitus
787 946 835 974 ille
852 946 899 974 vel
918 945 969 973 illa
987 945 1062 982 pios,

342 995 431 1024 Talia
448 995 584 1033 Agrippa
601 1005 687 1024 sacro
704 995 850 1032 persolvit
868 994 1004 1032 praemia
1022 994 1095 1028 vati,

382 1044 471 1073 Talia
488 1045 613 1074 libertas
631 1045 767 1082 praemia
785 1050 893 1073 sancta
909 1043 1006 1073 refert.

670 1192 817 1221 L1erUs.

123 1263 222 1285 I’raesul
243 1262 349 1294 insignis
361 1270 374 1286 e
388 1263 474 1286 Scotia
486 1262 615 1286 discedens
627 1270 685 1286 curn
699 1263 776 1286 tribus
794 1262 924 1293 discipulis
944 1263 966 1286 in
988 1263 1112 1293 Belgium.
1123 1262 1236 1285 (laudavi
1249 1267 1273 1285 et
1285 1262 1315 1284 ad
1330 1262 1420 1284 liscain

57 1303 149 1327 fiumen
165 1304 292 1327 Christum
305 1303 465 1334 praedicavit.
500 1305 584 1334 Caput
596 1311 610 1327 a
624 1304 760 1327 Christiani
774 1304 883 1327 nominis
893 1304 1007 1327 hostibus
1017 1303 1156 1334 praecisum
1168 1303 1242 1331 (sicut
1252 1303 1282 1326 de
1298 1302 1421 1332 Dionysio

56 1344 210 1375 Areopagita
230 1344 364 1375 proditum)
387 1345 441 1376 ipse
459 1345 574 1368 manibus
592 1345 644 1368 suis
663 1345 789 1368 baiulasse
807 1345 922 1368 scribitur
940 1345 1044 1368 authore
1059 1345 1205 1368 Christiano
1219 1345 1346 1370 Massaeo.
1361 1343 1417 1366 Lib.

54 1384 110 1408 xiii.
133 1385 225 1409 ΟΙινοιι.
248 1385 346 1410 Mundi.
384 1386 425 1409 Vir
446 1391 550 1409 sanctus
572 1386 690 1417 martyrio
711 1392 848 1410 coronatus
865 1392 903 1409 est
922 1386 962 1410 xii.
982 1385 1141 1413 Novembris,
1161 1386 1234 1408 Auno
1253 1384 1354 1411 Christi.
1373 1386 1415 1413 (³31

56 1426 209 1457 (Dempster,
223 1426 293 1450 Hise.
308 1427 376 1450 Eccl.
391 1427 414 1450 ii.
429 1435 469 1458 pp.
483 1428 590 1457 426-28).

302 1523 475 1552 Discedens
492 1524 599 1561 patriis
618 1525 744 1553 Praesul
764 1525 902 1554 Levinus
919 1526 957 1553 ab
973 1525 1035 1553 oris

341 1572 468 1601 Pertulit
484 1574 521 1602 ad
540 1573 655 1610 Belgas
672 1583 766 1610 regna
782 1575 871 1603 beata
890 1575 960 1611 poli.

300 1621 404 1650 Scotia
421 1622 533 1659 quippe
549 1622 661 1659 opibus
677 1622 748 1651 felix
763 1623 948 1652 caelestibus
965 1623 1029 1653 orbi

340 1668 525 1698 Praelucens
542 1669 602 1698 late
618 1669 717 1698 lucida
734 1671 823 1706 signa
839 1670 930 1699 dedit.

301 1717 466 1754 Excipiunt
482 1718 599 1747 alacres
615 1718 665 1746 alii
682 1718 829 1747 caelestia
844 1719 935 1753 dona,

340 1766 514 1804 Additaque
532 1767 561 1796 in
580 1767 686 1805 Belgis
702 1777 780 1804 gens
797 1778 963 1797 numerosa
982 1768 1056 1797 Deo.

299 1815 357 1844 Ast
373 1815 423 1844 alii
442 1816 609 1853 insurgunt
624 1821 731 1845 contra
748 1817 922 1845 crudelibus
939 1817 1000 1852 iris,

340 1865 379 1893 Et
396 1865 458 1894 vati
476 1865 632 1894 intentant
649 1866 775 1894 volnera
792 1866 856 1895 dira
873 1867 966 1895 necis.

298 1914 421 1942 Atticus
437 1914 486 1943 ille
504 1924 596 1943 senex
613 1915 737 1952 (mirum
751 1916 776 1954 !)
795 1921 864 1953 post
881 1915 943 1944 fata
960 1916 1091 1945 recisum

340 1963 523 1992 Gestavisse
540 1974 635 1992 manu
651 1964 761 1993 dicitur
777 1965 843 2001 ipse
859 1971 960 2002 caput.

301 2012 347 2040 De
364 2018 469 2041 nostro
485 2013 560 2041 haec
576 2013 682 2042 eadem
700 2013 833 2050 produnt
850 2014 1006 2043 miracula.
1054 2014 1108 2043 Sat
1125 2013 1176 2047 mi,

342 2061 397 2089 Sat
414 2061 616 2098 meminisse3
639 2061 714 2090 fides
732 2061 772 2090 sit
788 2072 884 2099 penes
900 2063 1073 2092 historicos.

302 2109 428 2146 Propria
445 2116 475 2139 at
492 2111 567 2139 haec
581 2116 634 2140 tua
652 2117 734 2146 sunt,
751 2112 895 2140 tenebras
912 2112 1071 2149 dispellere
1083 2111 1186 2145 coelis,

343 2159 502 2187 Mentibus
518 2160 626 2188 amissi
643 2166 672 2190 et
689 2160 810 2189 reddere
828 2160 916 2197 signa
934 2160 1004 2198 poli.
