1903 2724
608 217 699 248 JOHN
729 218 854 242 [laseri.
1347 218 1403 244 281

295 299 375 327 Cura
392 299 571 328 Caledoniis
588 299 718 335 prodidit
735 300 797 327 alta
815 300 912 333 sonis,

254 348 404 376 Iudicium
423 349 560 377 solemne
578 348 644 383 Dei,
663 358 757 385 quum
776 348 908 385 plurimo
925 350 962 376 ab
980 350 1050 385 igne

293 396 451 433 Flagrabit
468 397 546 425 vasti
564 397 639 426 solis
656 402 821 434 utrumque
839 398 928 427 latus.

254 446 335 475 llinc
352 446 427 474 mihi
445 446 590 475 materies
607 445 704 475 felicis
719 446 867 475 carminis
884 447 970 481 isset,

48 502 86 532 50
292 495 354 524 Ora
371 505 422 532 per
438 495 605 524 attonitslm
623 495 819 532 suspicienda
836 495 945 524 virum.

252 544 343 572 Nunc
362 544 441 572 Puer
457 544 507 573 ille
523 554 610 573 meae
626 544 740 581 carpsit
757 544 905 572 libamina
924 544 1045 579 Musae,

293 593 494 630 Lascivisque
510 593 586 621 abiit
603 593 701 630 prima
718 593 844 621 iuventa
861 593 973 628 modis,

251 642 394 671 Forsitan
413 647 445 670 ut
461 642 516 670 diri
534 641 641 670 fierent
658 642 789 670 ludibria
807 643 915 676 Momi,

291 692 329 720 Et
347 691 427 720 male
445 690 572 720 festivas
589 692 733 728 exprobet
751 691 800 720 ille
817 692 909 720 faces.

45 748 82 778 55
250 740 314 769 Nec
331 746 435 769 tamen
451 745 499 769 est
516 741 627 777 pudeat
646 740 735 770 Pueri
753 741 833 778 quod
849 746 950 770 castra
967 747 1146 778 sequutum,

290 790 350 818 Aut
368 789 510 826 precibus
527 790 675 818 Gnidiam
693 799 787 827 saepe
804 790 920 819 adiisse
937 791 1038 819 deam.

249 839 330 867 Nam
348 839 428 876 quod
446 839 538 868 habet
553 839 678 873 crimen,
697 839 843 868 dominae
860 839 1011 868 meruisse
1029 839 1176 874 favorem,

287 887 348 916 Aut
365 889 441 917 bene
457 888 644 925 promissam
663 897 724 916 non
741 888 877 916 violasse
896 887 988 916 fidem
1005 888 1015 916 Ρ

245 937 326 976 Quid
343 937 467 966 sceleris
483 936 562 965 firmi
579 937 757 966 constantia
774 937 906 974 pectoris
922 937 1018 971 abdit,

43 986 81 1014 60
287 987 325 1014 Et
343 996 429 1023 spem
447 996 508 1015 non
526 986 629 1022 longis
644 986 828 1023 deposuisse
845 986 961 1013 malis?

246 1035 366 1074 Quidve
383 1035 454 1064 mali
472 1035 522 1072 pia
539 1035 734 1072 simplicitas,
752 1044 922 1072 verumque
938 1034 948 1062 Ρ
996 1035 1055 1064 Sed
1074 1035 1126 1063 illa

286 1084 402 1112 Omnia
418 1083 546 1113 militiae
564 1084 655 1119 signa
672 1083 754 1112 fuere
770 1093 869 1112 meae.

246 1132 332 1162 Adde
348 1134 427 1169 quod
445 1138 474 1161 et
490 1133 617 1162 viridem
635 1133 780 1161 dominae
797 1133 916 1161 Natura
935 1133 1093 1161 iuventam

284 1182 470 1219 Addixitque
486 1182 557 1217 tuis,
576 1192 668 1219 parve
685 1182 815 1219 Cupido,
835 1182 919 1211 iocis.

41 1231 77 1268 65
245 1230 389 1267 Namque
405 1231 492 1260 aliter
507 1231 543 1259 de
561 1231 654 1268 stirpe
671 1231 834 1260 hominum
852 1241 952 1268 genus
968 1240 1061 1260 omne
1078 1232 1194 1268 periret,

287 1280 327 1308 Et
343 1279 486 1317 quicquid
504 1280 596 1308 tellus
613 1280 709 1308 nutrit
725 1285 754 1308 et
771 1281 854 1308 unda
870 1280 975 1308 maris.

243 1329 345 1357 Verna
362 1330 470 1358 decent
486 1328 585 1363 flores,
603 1329 784 1366 aestivaque
801 1334 942 1366 tempora
959 1329 1073 1366 spicae,

283 1377 478 1406 Autumnum
495 1377 623 1411 fructus,
642 1377 739 1415 frigus
756 1378 837 1406 iners
854 1378 999 1411 hiemem,

246 1426 386 1454 Blandus
402 1426 498 1455 Amor
514 1427 668 1455 iuvenem.
714 1427 884 1464 Nunquam
902 1427 977 1455 mihi
996 1436 1072 1463 ruga
1090 1436 1196 1456 severa

42 1484 77 1511 70
283 1475 318 1503 In
335 1475 445 1503 frontis
461 1475 567 1504 viridis
584 1475 724 1512 margine
741 1481 826 1504 arata
844 1476 952 1512 placet.

243 1524 405 1552 Hactenus
422 1530 451 1553 et
469 1524 556 1553 Pueri
575 1525 684 1553 dubios
700 1524 860 1553 evasimus
875 1530 992 1558 aestu-02,

282 1574 322 1602 Et
338 1573 497 1602 dominam
515 1574 608 1610 longo
624 1574 757 1602 vicimus
773 1574 932 1611 obsequio.

241 1623 332 1651 Nunc
349 1623 413 1660 lyra
429 1623 465 1651 de
482 1623 630 1658 numeris,
646 1628 676 1651 et
691 1628 723 1651 tu
740 1623 845 1660 chelys
862 1628 934 1660 apta
946 1622 1077 1656 choreis,

280 1671 331 1700 Me
348 1671 432 1700 iuvat
449 1671 556 1700 inflata
573 1672 651 1700 bella
667 1677 775 1700 tonare
791 1672 874 1700 tuba.

115 1752 137 1774 3.
158 1744 273 1768 Doliolis.
309 1744 365 1768 The
380 1744 510 1768 Danaides
523 1745 596 1775 (Hor.
611 1745 660 1768 Od.
674 1745 707 1768 iii.
724 1751 760 1771 11,
775 1745 826 1774 26).

116 1792 138 1815 5.
158 1785 284 1809 Aeolides.
320 1786 444 1816 Sisyphus
457 1785 531 1816 (Hor.
545 1786 593 1809 Od.
608 1785 631 1808 ii.
647 1793 684 1816 14,
698 1787 745 1817 16).

98 1833 136 1856 31.
156 1826 316 1850 Acheloides.
351 1826 406 1850 The
420 1826 505 1849 Sirens
519 1826 593 1856 (Ovid
605 1827 668 1850 Met.
682 1834 704 1850 v.
719 1827 783 1857 552).

99 1874 138 1897 32.
159 1867 197 1898 By
209 1867 331 1898 stopping
343 1868 383 1891 his
397 1875 452 1891 ears
464 1867 565 1898 against
577 1868 642 1891 their
655 1875 730 1898 song.

100 1916 139 1938 42.
160 1908 279 1933 Bartassi.
317 1909 365 1932 For
379 1910 419 1932 Du
434 1910 523 1932 Bartas
536 1917 578 1933 see
592 1910 622 1932 D.
639 1909 834 1933 Wedderburn's
846 1908 990 1933 Abrcdonia
1003 1910 1108 1935 Atrum,
1121 1918 1142 1938 4.

98 1958 136 1979 44.
155 1949 238 1973 Tasso
259 1950 284 1973 in
304 1950 346 1973 the
368 1950 553 1974 Gcrusalcmmc
572 1951 704 1974 Liberata.
741 1951 789 1974 For
802 1951 845 1974 the
858 1950 1025 1974 enthusiastic
1038 1949 1157 1972 criticisrn
1173 1948 1203 1972 of
1220 1949 1333 1975 Hallam,
1348 1956 1391 1972 see

34 1990 186 2018 Lttcrature,
198 1991 273 2021 chap.
288 1991 335 2014 xiv,
348 1992 375 2020 ἐξ
387 1992 466 2020 Ι9-28.
503 1991 596 2022 Bymn,
610 1991 702 2015 Childc
715 1992 827 2019 Hnrold,
843 1991 886 2015 IV.
899 1992 1071 2018 xum-xxxix,
1085 1990 1104 2013 is
1117 1989 1216 2013 familar
1229 1994 1254 2012 to
1266 1989 1307 2012 all.

98 2038 137 2060 45.
156 2031 299 2055 Alexandri.
335 2032 373 2054 Sir
393 2031 504 2055 William
524 2031 687 2055 Alexander's
706 2032 810 2055 Doomcs
829 2033 896 2062 Day,
917 2040 944 2055 or
961 2031 1002 2054 tlzc
1021 2031 1098 2054 Grcat
1117 2031 1175 2060 Duy
1195 2029 1224 2060 of
1239 2029 1280 2052 the
1298 2029 1389 2053 Lord's

32 2071 184 2102 Judgment,
203 2072 337 2103 originally
355 2073 380 2095 in
400 2072 454 2096 four
471 2073 555 2096 hours.
575 2072 698 2096 extended
717 2077 743 2096 to
761 2073 859 2101 twelve,
878 2080 892 2095 a
910 2071 984 2103 study
1007 2072 1031 2094 in
1056 2072 1098 2094 the
1121 2071 1292 2101 Apocalypse.
1327 2071 1390 2093 This

35 2112 144 2142 poetical
158 2112 232 2136 effort
245 2113 296 2135 of“
306 2113 349 2135 the
362 2113 525 2136 second-rate
539 2114 652 2136 Scottish
667 2113 809 2144 sycophant
827 2114 856 2136 of
870 2120 902 2136 an
921 2113 1059 2143 inglorious
1076 2112 1216 2142 despotism
1226 2111 1239 2120 '⁸
1259 2111 1388 2142 (Masson)

35 2152 81 2175 has
93 2157 136 2176 not
149 2153 222 2176 lived.
257 2157 272 2166 ‘¹
282 2153 322 2176 To
334 2153 398 2177 have
411 2154 549 2184 supported
563 2155 605 2178 the
617 2155 714 2178 fervour
727 2155 755 2178 os
765 2159 852 2185 poetry
865 2154 975 2184 through
988 2160 1017 2176 so
1029 2152 1152 2176 extended
1165 2160 1180 2175 a
1191 2152 1267 2179 work,
1280 2160 1312 2175 on
1326 2153 1387 2176 such

35 2200 50 2217 a
62 2194 167 2226 subject,
179 2194 264 2218 would
276 2195 342 2218 have
354 2194 496 2219 demanded
509 2196 599 2226 genius
610 2195 638 2219 of
648 2196 691 2219 the
704 2195 758 2219 first
770 2195 840 2219 order
851 2196 865 2205 ”
879 2194 996 2226 (Irving).

1244 2235 1264 2258 N
1272 2235 1294 2257 N
