1883 2730
457 205 516 245 198
838 211 937 236 MUSA
962 211 1102 236 LATINA
1126 211 1421 237 ABERDONENSIS.

656 290 804 328 Ingentes
820 291 920 320 undae
935 300 1036 320 rerum
1052 301 1131 328 quae
1146 292 1228 321 mole
1244 292 1385 321 laborant

653 340 831 369 Extrudunt
847 345 987 369 nostras:
1013 341 1123 370 Musas
1140 350 1196 370 nec
1212 341 1336 378 respicit
1353 341 1445 372 unus.

695 390 778 419 Hinc
794 399 916 427 quoque
931 390 970 419 ad
984 390 1171 428 Aethiopum
1189 391 1316 427 rapidus
1332 396 1504 420 secesserat
1519 401 1590 420 oras

452 448 505 477 195
653 439 778 476 Iupiter,
795 444 950 468 extremos
966 439 1045 468 ultra
1061 440 1271 468 Garamantas
1286 445 1316 468 et
1334 439 1438 475 Indos,

654 489 726 517 Non
743 489 794 526 qui
811 488 891 518 festa
906 489 1002 525 agitet
1018 489 1118 518 laetus
1133 488 1286 523 convivia,
1303 494 1336 517 ut
1351 489 1425 518 olim
1440 499 1447 523 ;

654 538 714 566 Sed
731 538 782 574 qui
799 543 976 567 commotos
993 538 1093 575 possit
1108 547 1295 575 componere
1311 537 1426 566 fluctus

653 587 766 615 Oceani
783 587 957 621 Australis,
975 592 1242 624 tempestatesque
1257 596 1389 616 sonoras

653 635 791 672 Imperio
808 641 928 673 premat
943 646 979 666 ac
995 636 1107 665 vinclis
1122 642 1152 666 et
1167 646 1286 666 carcere
1302 636 1429 671 fraenet,

452 696 508 714 200
653 685 827 713 Disiectam
845 690 875 714 et
891 694 1038 721 praesens
1053 690 1120 714 toto
1137 686 1216 714 levet
1233 694 1366 722 aequore
1381 685 1525 720 classem,

651 734 738 772 Quae
755 733 815 761 iam
833 734 914 762 mole
931 736 986 763 sua
1002 743 1037 762 ac
1053 734 1209 762 immenso
1226 733 1360 770 pondere
1377 742 1479 762 mersa

651 782 734 817 Auri,
751 783 808 810 ah!
832 782 854 810 it
870 792 998 819 pessum
1015 782 1126 817 subito,
1144 783 1282 819 ditatque
1299 781 1494 819 profundum.

653 830 770 858 Forsan
787 835 816 858 et
833 830 904 858 hinc
921 830 1052 864 rediens,
1069 830 1120 867 qui
1138 830 1199 858 iam
1217 830 1417 868 Oxonamque
1435 830 1623 868 Camumque

650 878 742 912 Visit,
760 888 817 907 nos
833 879 913 907 viset
930 879 1109 915 languentis
1124 884 1154 908 et
1166 878 1248 907 ostia
1263 878 1381 907 Donae.

450 936 504 964 205
691 928 847 965 Spemque
863 928 1138 965 metumqueinter
1149 927 1260 956 dubiae
1277 927 1490 963 transegimus
1507 937 1608 956 annos

651 976 732 1004 Hinc
748 977 884 1013 aliquot;
908 977 1034 1006 tandem
1051 977 1142 1005 nobis
1159 986 1231 1013 spes
1247 976 1351 1005 omnis
1367 977 1533 1013 adempta:

650 1025 785 1054 Aversos
802 1034 930 1062 superos
946 1035 1008 1053 non
1026 1035 1084 1053 nos
1099 1034 1204 1054 curare
1221 1030 1376 1062 putamus.

649 1074 835 1110 Suppliciter
849 1074 963 1109 tristes,
977 1079 1006 1102 et
1023 1079 1134 1103 tunsae
1151 1079 1275 1111 pectora
1291 1074 1416 1111 palmis,

649 1123 749 1151 Multa
765 1123 815 1151 diu
833 1128 941 1151 nostro
957 1123 1120 1152 volventes
1137 1128 1260 1160 pectore
1277 1132 1382 1157 saeva,

447 1183 503 1201 210
649 1172 776 1200 Ibamus
792 1171 904 1200 tacitae
921 1171 1146 1208 pulcherrimae
1162 1172 1200 1200 ad
1216 1171 1297 1200 ostia
1314 1171 1434 1206 Danae,

650 1221 689 1250 Et
706 1222 829 1250 tandem
847 1221 938 1250 dictis
954 1226 1060 1249 nostra
1075 1230 1127 1250 ora
1145 1221 1331 1250 resolvimus
1347 1221 1442 1251 hisce,

689 1275 705 1287 ‘⁴
721 1270 850 1307 Respice
866 1279 924 1298 nos
940 1270 1078 1304 miseras,
1097 1269 1211 1306 rapidis
1228 1279 1294 1303 nOS‚
1311 1269 1414 1304 Dona,
1436 1268 1561 1298 fluentis

649 1320 752 1347 Obrue
768 1324 797 1348 et
814 1324 939 1347 avectas
955 1319 1048 1347 Nerei
1067 1320 1124 1346 sub
1139 1319 1262 1347 caerula
1278 1327 1397 1348 vertas:

651 1369 712 1396 Seu
729 1373 772 1402 tu,
791 1367 908 1395 Phoebe
927 1368 1026 1402 Pater,
1043 1368 1094 1404 qui
1111 1368 1268 1404 conspicis
1283 1367 1401 1402 omnia,
1418 1373 1447 1397 et
1464 1368 1538 1396 olim

449 1427 503 1454 2¹5
652 1417 721 1444 Huc
738 1422 839 1445 tecum
857 1416 1004 1445 advectas
1021 1417 1176 1450 subduxti,
1193 1415 1277 1445 defer
1293 1416 1323 1444 in
1340 1416 1448 1451 altum,

649 1465 777 1502 Nosque
794 1465 890 1494 vehas
907 1465 1016 1494 iterum
1036 1465 1191 1494 Permessi
1208 1466 1245 1494 ad
1262 1464 1393 1494 flumina
1411 1466 1500 1499 sacri,

651 1515 690 1542 Et
708 1515 779 1549 iuga
799 1514 956 1547 Parnassi,
975 1523 1013 1542 ne
1029 1523 1087 1543 nos
1104 1515 1152 1543 hic
1168 1514 1268 1551 turpis
1283 1519 1410 1551 egestas

650 1563 823 1600 Opprimat,
841 1569 893 1591 aut
911 1563 1014 1592 subito
1030 1564 1118 1592 tollat
1135 1573 1193 1591 nos
1210 1573 1303 1592 saeva
1321 1563 1419 1597 ruina,

652 1612 733 1640 Dum
751 1611 888 1648 collapsa
906 1618 997 1640 ruunt
1015 1613 1175 1640 subductis
1191 1617 1271 1641 tecta
1288 1612 1452 1641 columnis.

447 1673 503 1691 220
650 1662 850 1690 Praesentem
868 1661 958 1689 nobis
975 1661 1131 1690 intentant
1147 1661 1253 1689 omnia
1271 1666 1412 1690 mortem.

651 1711 754 1739 Nemo
770 1709 994 1747 Elpltinstonii‚
1011 1710 1169 1744 Dunlmri,
1187 1719 1280 1739 nemo
1296 1710 1421 1739 Stuarti

650 1758 797 1795 Exsurgit
814 1758 934 1792 similis,
953 1759 1057 1787 nullus
1074 1759 1248 1793 Formias,
1265 1760 1364 1788 eheu!

650 1807 718 1836 Scis
735 1808 819 1843 haec,
839 1807 955 1836 Phoebe
974 1807 1085 1841 Pater;
1110 1807 1171 1836 iam
1190 1817 1248 1836 nos
1263 1808 1336 1836 hinc
1351 1807 1435 1837 defer
1451 1808 1481 1836 in
1497 1809 1626 1837 altum.''

689 1856 834 1886 Protinus
849 1856 993 1886 horrifico
1011 1857 1127 1885 tonitru
1145 1857 1265 1886 caelum
1283 1866 1376 1886 omne
1392 1858 1535 1895 remugit.

449 1916 504 1944 225
650 1906 694 1934 Ac
711 1907 805 1935 veluti
823 1907 944 1943 tripode
959 1916 996 1935 ex
1014 1915 1103 1935 sacro
1119 1916 1178 1934 vox
1195 1905 1289 1935 fertur
1305 1907 1342 1934 ad
1359 1916 1450 1936 aures

649 1955 765 1984 Phoebi
779 1966 788 1984 .·
813 1965 872 1984 nos
889 1955 1007 1992 placidii
1024 1955 1144 1983 solatus
1159 1964 1234 1984 voce
1251 1954 1397 1992 profatur.

514 2028 565 2050 191*
591 2021 667 2049 Iliad,
681 2021 696 2044 i.
711 2028 755 2051 423
771 2022 851 2051 (ΚΝ).

515 2069 568 2091 207.
589 2062 703 2085 Allusion
718 2067 743 2086 to
755 2063 798 2086 tlie
810 2062 962 2093 deposition,
973 2062 1010 2085 sor
1022 2062 1096 2085 share
1109 2062 1133 2085 in
1148 2062 1190 2085 the
1200 2061 1247 2091 ¹15,
1258 2062 1287 2085 of
1300 2062 1423 2093 Principal
1433 2061 1535 2093 George
1547 2061 1696 2089 Middleton,
1708 2060 1812 2085 Gordon

448 2103 492 2126 the
505 2103 611 2129 Civilist,
626 2103 674 2126 and
689 2103 800 2133 Regents
814 2104 942 2133 Urquhart
955 2102 1004 2126 and
1018 2103 1130 2126 Gordon.

513 2151 567 2167 210.
589 2143 665 2169 Iliad,
680 2144 696 2167 i.
710 2152 739 2174 54
753 2145 834 2175 (ΚΝ),
859 2148 874 2158 “
885 2144 1084 2175 premonitory,''
1101 2151 1130 2168 as
1143 2145 1186 2168 the
1199 2144 1279 2168 editor
1291 2143 1320 2167 of
1329 2143 1391 2167 vols.
1406 2143 1420 2167 i.
1435 2143 1487 2168 and
1501 2143 1525 2167 ii.
1538 2142 1623 2168 would
1636 2143 1702 2167 have
1714 2141 1775 2171 said,
1788 2141 1818 2166 of

454 2193 468 2209 a
482 2190 540 2207 note
555 2184 578 2207 in
593 2185 632 2208 his
644 2185 726 2208 Gra-k
739 2186 882 2213 Grammar,
898 2186 967 2213 1860,
981 2193 1006 2216 p.
1021 2185 1068 2209 xvi.
1082 2193 1106 2208 n.
