1903 2724
60 548 94 566 10

63 794 94 823 15

60 1040 96 1058 20

62 1284 96 1313 ²5

62 1530 100 1557 30

64 1775 99 1803 35

65 2026 104 2051 40

534 207 645 231 DAVN)
671 206 933 231 xx'l³.1›1)1‹11<ssUl<N.

296 290 393 328 Queis
410 290 488 318 tanti
506 289 643 326 hospitio
660 298 774 317 nomen
793 289 992 318 memorabile
1011 289 1116 324 Regis,

296 338 452 369 Confluite
468 340 545 373 huc;
571 348 633 367 non
651 344 683 367 ut
700 339 798 367 laetas
815 348 868 375 per
883 348 1014 367 amoena
1032 339 1130 367 vireta

298 389 400 418 Voces
418 388 545 426 Elysiae
562 387 694 417 referant
710 388 747 416 ad
765 388 865 417 sidera
883 388 980 416 valles
995 397 1000 421 ;

301 439 384 473 Non,
401 447 507 467 verum
526 443 558 466 ut
575 443 678 466 vestro
695 437 755 466 iarn
774 438 866 466 verba
884 438 1057 466 novissima
1077 437 1153 473 Regi

298 488 377 516 Cum
395 488 514 524 gemitu
531 492 559 516 et
577 487 744 524 lachrymis
760 492 789 515 et
806 486 961 516 foemineo
978 487 1096 515 ululatu

301 537 423 565 Naeuia
440 537 502 565 Cea
518 542 620 570 canat,
639 536 760 564 miseris
777 535 895 564 suffusa
912 536 1054 572 querelis.

342 586 462 623 Nempe
478 585 553 614 obiit
571 585 636 614 Rex
654 584 815 620 Pacificus,
834 585 899 614 Rex
915 585 1053 622 optimus
1070 585 1118 614 ille
1136 586 1212 614 heu!

305 636 359 664 Ille
376 635 471 664 animi
492 635 556 664 Rex
574 644 671 671 usque
689 635 746 670 sui,
763 634 810 663 cui
829 635 925 671 gloria
943 640 1097 671 sceptrum

301 685 481 722 Omnigena
497 685 657 713 aethereas
675 686 819 721 supersim
839 684 981 712 subvexit
998 685 1035 712 ad
1052 695 1153 713 auras.

301 734 453 773 Quicquid
470 733 553 762 enim
573 733 750 770 Ingenium,
766 733 910 770 quicquid
931 734 1108 768 Prudentia,
1126 734 1232 763 Virtus

303 783 456 822 Quicquid
472 784 510 811 ab
528 782 699 811 innumeris
717 783 809 811 toties
825 787 944 811 tentata
961 783 1093 819 periclis,

302 833 445 869 Europae
461 831 604 868 quicquid
624 832 810 869 Libyaeque,
829 831 993 867 Asiaeque,
1011 832 1120 860 remoti

300 881 452 920 Quicquid
469 887 498 910 et
514 881 684 918 applausus
701 881 832 917 Gangis,
850 882 909 917 quii
922 881 1022 910 littore
1040 881 1185 910 Phoebus

305 930 410 966 Surgit
426 931 464 958 ab
483 930 558 962 Eoo,
575 929 718 966 quicquid
737 929 826 957 Bona
844 929 942 966 Copia
958 939 1052 958 cornu

301 979 448 1008 Conferre
465 979 524 1007 huc
540 978 646 1013 valuit,
662 983 846 1015 congestum
865 978 981 1007 scilicet
997 988 1090 1007 omne
1107 979 1147 1014 id,

302 1028 350 1056 Ne
369 1028 434 1057 Rex
450 1028 489 1056 sit
505 1037 566 1064 quo
583 1037 615 1056 se
632 1027 700 1065 plus
718 1033 822 1056 nostra
839 1028 914 1056 haee
931 1028 1054 1056 saecula
1071 1028 1193 1056 iactent.

343 1078 424 1114 Quid
442 1087 513 1106 vero
530 1083 634 1106 nostra
651 1078 726 1106 haec
744 1077 938 1106 memoravi?
963 1082 1103 1114 tempora
1122 1077 1242 1114 Regum

303 1127 428 1156 Pectore
445 1127 469 1155 si
488 1127 615 1156 memori
634 1128 732 1164 primo
749 1132 925 1163 repetamus
941 1127 979 1154 ab
995 1136 1080 1161 aevo,

305 1177 386 1205 Huic
403 1177 541 1205 dubitem
559 1186 597 1204 an
615 1176 713 1212 primo
731 1185 784 1212 par
799 1175 907 1204 vixerit
924 1175 1006 1203 ullus
1023 1175 1060 1203 ab
1077 1184 1164 1205 aevo.

304 1226 386 1253 Nam
404 1225 474 1262 quid
492 1224 688 1254 Alexander?
712 1224 784 1260 quid
802 1223 941 1253 Caesar?
967 1224 1098 1252 fulmina
1114 1224 1183 1253 belli

305 1275 351 1302 Ex
367 1274 430 1303 imo
446 1274 584 1303 evibrata
603 1273 711 1308 Erebo,
729 1274 913 1310 generisque
930 1273 1036 1302 ruinae

305 1323 455 1358 Humani,
473 1328 564 1359 atque
580 1323 703 1351 animae
721 1323 880 1351 Pandorae
896 1334 912 1351 e
929 1323 1029 1360 pixide
1046 1322 1161 1351 missae
1176 1331 1182 1356 ;

305 1373 392 1410 Quae
409 1372 491 1400 rabie
507 1377 686 1401 tranversae
703 1377 799 1405 actae,
816 1373 994 1400 exundante
1011 1373 1128 1400 cruoris

306 1421 458 1455 Flumine,
476 1426 626 1450 ventosae
643 1421 835 1450 redimebant
852 1430 1010 1448 murmura
1027 1420 1137 1449 famae.

306 1471 396 1500 Unde
412 1479 522 1499 omnes
540 1471 689 1499 scelerum
707 1470 810 1503 facies,
826 1471 978 1506 cuneique
994 1470 1146 1498 malorum

306 1520 452 1548 Invasere
468 1520 572 1549 orbem
589 1526 618 1549 et
635 1525 764 1549 naturae
780 1525 915 1548 evertere
932 1520 1017 1556 leges

306 1569 377 1606 Ipsa
394 1569 555 1606 repentino
572 1574 773 1606 properarunt
789 1569 911 1597 turbine
928 1568 1016 1597 Fata.

304 1618 362 1646 Ast
378 1618 448 1646 huie
465 1619 608 1655 amplexu
625 1628 642 1646 a
659 1618 745 1655 pacis
761 1627 937 1654 nomenque
953 1619 1117 1654 decusque.

307 1667 390 1695 Nam
407 1677 477 1696 curn
495 1667 694 1704 praecipitem
713 1672 831 1704 raperet
847 1676 909 1695 non
926 1667 1063 1695 ambitus
1080 1666 1178 1700 illum,

307 1715 438 1744 Finibus
455 1716 504 1744 his
522 1725 590 1745 sese
607 1716 744 1750 inclusit,
762 1725 841 1752 quos
859 1715 964 1744 Scotia
982 1715 1068 1752 stirpi

307 1765 475 1802 Fergusiae
492 1765 605 1802 posuit,
623 1770 668 1793 tot
686 1765 746 1793 iarn
764 1765 964 1794 volventibus
980 1763 1082 1792 annis.

348 1815 469 1843 Interea
486 1814 598 1842 studiis
615 1819 644 1842 et
661 1823 766 1842 amore
784 1814 935 1843 nitescere
953 1813 1038 1850 pacis

309 1863 356 1892 Illi
374 1863 475 1892 laudis
491 1873 568 1900 apex
584 1864 710 1898 solidae,
726 1863 870 1899 vitaeque
888 1872 1025 1892 serenae.

313 1913 430 1951 Quales
448 1913 584 1941 Saturno
600 1913 758 1949 quondam
776 1917 926 1949 regnante
942 1917 1048 1941 tenore

310 1962 497 1991 Crediderim
516 1962 618 1990 stabili
636 1967 727 1990 natos
744 1961 924 1990 melioribus
941 1961 1033 1989 annis

311 2013 462 2050 Exegisse
479 2012 543 2041 dies
560 2013 713 2047 homines,
732 2011 837 2047 sicque
853 2020 946 2039 aurea
964 2011 1065 2039 saecla

311 2061 469 2090 Primitias
486 2061 625 2090 novitate
643 2071 716 2089 suas
733 2060 887 2097 sparsisse
904 2059 1041 2096 perenni.

351 2111 433 2148 Ergo
450 2111 513 2140 iure
530 2111 571 2139 illi
589 2111 730 2148 proavito
747 2120 763 2138 a
781 2115 946 2139 stemmate
963 2109 1061 2138 misso

312 2160 423 2189 Debita
440 2169 533 2196 regna
550 2160 628 2195 licet,
644 2168 845 2196 quaecunque
862 2157 1024 2186 Britannia
1040 2162 1131 2186 vasto

1348 208 1410 239 405
