1903 2724
63 498 118 526 ¹50

65 743 116 772 Ῑ55

63 983 117 1009 160

63 1229 115 1264 165

63 1483 117 1509 170

64 1728 115 1756 ι75

63 1964 118 1991 180

546 215 699 239 THOMAS
725 217 931 240 DEMPSTER.

264 294 318 323 Ille
335 304 480 331 sagacem
497 295 637 323 animum
656 295 825 332 magnique
841 296 967 332 capacia
984 301 1112 331 gestans

264 343 390 372 Pectora
406 343 536 378 consilii,
554 344 668 381 dignus
684 344 732 373 cui
750 345 883 381 pondera
901 345 985 379 regni

263 391 422 421 Credenda
438 398 467 421 et
483 398 589 421 tantae
605 393 897 422 commendarentur
913 394 1061 427 habenae,

265 441 356 469 Unus
373 446 437 470 erat
453 441 501 469 cui
519 451 568 470 rex
586 442 689 478 partiri
707 443 821 479 gaudia
839 448 946 471 suetus

265 489 433 527 Partirique
451 497 563 520 metus.
610 491 718 527 Legati
736 492 862 520 nomine
881 492 1016 519 Francas

264 539 406 575 Intravit,
424 541 571 569 mandata
589 539 691 568 serens
708 540 832 575 regalia,
851 546 957 573 terras,

265 587 389 625 Liligeri
408 595 611 618 renovaturus
627 590 791 618 concordia
808 589 892 627 regni

264 637 399 666 Foedera
417 638 578 667 nobiscum
594 648 599 667 1
626 648 697 667 nam
715 639 840 675 magnis
857 639 1017 676 pronubus
1034 638 1111 666 actis

263 686 429 715 Francisco
447 688 545 716 iunxit
564 688 706 722 Mariam,
725 688 877 725 plenoque
895 687 997 716 favore

266 735 340 764 Inde
357 737 433 765 redit
450 747 568 773 regum.
614 737 741 765 Socium
760 738 967 773 comitemque
985 737 1123 764 laborum

264 784 360 814 Duxit
377 786 596 820 Alexandrum,
615 786 666 823 qui
684 796 800 823 magna
817 792 921 815 mente
937 785 1041 814 diserti

263 834 356 870 Spem
374 837 470 872 patris
486 835 626 872 implevit
643 841 746 869 natus,
764 845 855 872 quem
875 835 1017 863 Daunias
1033 844 1094 869 ora,

264 883 303 911 lit
321 885 587 920 septemgeminas
604 894 692 913 muro
709 895 788 922 quae
805 884 937 921 protegit
954 893 1049 917 arces,

263 932 362 969 Saepe
378 934 531 962 admirata
547 939 603 968 est,
622 934 737 970 patriae
754 934 958 970 columenque
975 932 1123 966 futurum,

264 981 529 1019 Splendoremque
545 983 658 1011 domus
674 983 841 1020 quondam,
859 982 906 1011 cui
926 981 1023 1018 prima
1043 982 1178 1010 Senatus

264 1029 395 1060 Munera
412 1042 583 1068 purpureus
599 1032 694 1069 digno
711 1031 839 1060 deferret
856 1032 1000 1064 honores,

264 1078 303 1107 Et
321 1079 453 1116 primurn
470 1080 488 1108 ἰι
505 1090 621 1117 magno
638 1086 800 1109 veneretur
818 1080 922 1110 Scotia
938 1089 1018 1116 rege,

261 1130 364 1158 Tanto
380 1130 458 1159 alios
475 1131 587 1158 virtute
605 1135 763 1167 parentem
782 1130 913 1164 vincere,
930 1134 1047 1166 quanto

262 1177 433 1208 Nobilitate
449 1179 562 1216 premit
578 1179 712 1216 reliquos
729 1184 758 1208 et
775 1179 941 1216 sanguinis
958 1184 1034 1206 ortu.

264 1227 327 1256 Nec
344 1228 404 1256 iam
423 1234 507 1266 patre
524 1229 633 1263 minor,
652 1229 702 1266 qui
721 1229 800 1257 vinci
819 1229 933 1266 gaudet
949 1228 987 1256 ab
1003 1228 1074 1261 {1103

261 1276 366 1313 Aegea
384 1278 427 1307 sic
443 1278 596 1313 Theseus,
615 1279 658 1307 sic
676 1279 767 1307 Pelea
785 1278 880 1307 vincit
896 1278 1042 1306 Achilles.

301 1327 415 1365 Quidni
433 1338 514 1365 ergo,
532 1328 663 1365 genitrix
680 1328 792 1365 iungas
809 1338 886 1365 quos
903 1332 1070 1356 stemmata
1088 1327 1231 1363 iungunt,

263 1376 350 1414 Quos
367 1383 453 1406 aetas
470 1377 647 1414 formaeque
666 1380 775 1407 tenor?
820 1378 902 1405 Narn
920 1376 1014 1405 huius
1030 1382 1059 1404 et
1075 1376 1168 1404 huius

263 1425 370 1454 Gratia
387 1431 473 1455 tanta
491 1428 561 1456 beat
577 1427 692 1460 vultus,
711 1431 745 1456 ut
761 1427 835 1455 talia
851 1426 960 1464 priscis

264 1474 399 1512 Corpora
417 1476 563 1505 semideis
579 1477 693 1505 dederit
711 1486 772 1505 non
790 1476 903 1513 pagina
920 1481 1037 1505 vatum.

264 1523 319 1552 Illa
337 1525 429 1561 pedes
446 1525 600 1561 Thetidis,
617 1526 707 1554 ulnas
726 1526 867 1559 Iunonis,
884 1526 998 1554 ocellos

264 1572 365 1602 Paene
383 1579 453 1602 tuos
470 1580 613 1611 superat3
638 1575 767 1604 collecta
784 1574 937 1603 modestia
954 1574 1064 1602 frontis

264 1621 384 1651 Dianae
401 1633 462 1651 non
481 1624 664 1659 succumbit,
683 1624 848 1661 mollisque
864 1624 992 1652 decorae

262 1670 372 1708 Margo
387 1682 494 1701 comae
510 1679 539 1702 et
557 1674 670 1702 blando
687 1673 824 1702 suffusus
841 1672 994 1709 sanguine
1010 1673 1124 1700 candor

264 1720 411 1750 Praeterit
428 1722 546 1759 antiqui
564 1729 693 1752 cunctas
710 1723 853 1751 heroidas
870 1722 946 1751 aevi.

266 1770 424 1806 Ingenuos
440 1777 527 1800 taceo
545 1782 646 1801 mores
662 1778 691 1801 et
708 1773 840 1801 amabile
857 1772 972 1800 mentis

265 1819 446 1849 submissae
464 1821 612 1856 studium,
629 1822 751 1859 qualern
770 1822 794 1850 si
813 1822 914 1850 saecla
931 1821 1077 1849 tulissent

264 1867 408 1904 Pristina,
427 1879 487 1898 non
505 1870 634 1899 blandas
652 1876 757 1908 pastor
773 1876 925 1899 tentasset
942 1870 1089 1907 Amyclas

264 1916 439 1953 Dardanus,
457 1919 657 1957 egregiosque
673 1920 710 1948 ad
728 1920 806 1948 bella
823 1920 951 1948 citasset
968 1919 1115 1948 Achivos.

263 1964 328 1993 Nec
344 1970 397 1993 tua
414 1976 521 1995 securo
538 1968 675 2004 cepisses
692 1969 828 2005 praemia
845 1974 918 1996 voto

265 2013 424 2043 Laudatae
441 2014 568 2051 formae,
586 2026 641 2045 nec
658 2018 732 2045 dura
749 2017 816 2054 lege
833 2026 993 2054 procorum

262 2062 435 2092 Concilium
453 2065 665 2101 celebraretur,
685 2066 827 2103 Pisisque
845 2066 1023 2094 tremendus

261 2111 400 2140 Curreret
417 2113 607 2148 Oenomaus,
626 2124 681 2142 nec
698 2120 736 2148 te,
756 2115 976 2151 Hippodamia,
996 2115 1127 2150 superbo

261 2159 326 2188 Axe
345 2160 456 2198 Pelops
473 2162 607 2197 veheret,
626 2172 681 2192 nec
697 2168 726 2191 te
743 2163 813 2198 iam,
834 2164 992 2197 Atalanta,
1010 2162 1151 2199 fugacem

1377 212 1417 249 63
