1883 2730
459 1040 498 1067 So

459 1536 497 1561 90

461 1783 496 1808 9³

443 2024 497 2042 100

828 221 852 245 M
859 220 927 245 USA
952 219 1093 244 LATINA
1116 218 1162 242 AB
1169 217 1291 242 ERDON
1298 217 1410 241 ENsIS.

681 303 738 340 (Ut
756 301 914 330 Macetum
932 299 1065 328 referunt
1081 300 1197 336 regem)
1214 297 1427 335 complectitur
1442 296 1511 331 alis,

685 351 876 385 Rectumque
893 347 1025 384 imponit
1041 346 1147 384 puerili
1165 346 1264 375 fronte
1280 346 1400 374 tiaram.

682 400 747 427 Iam
765 398 895 426 solidam
913 405 1031 434 pacem,
1048 401 1076 424 te
1093 395 1240 432 praeside,
1259 395 1371 423 Scotus
1387 394 1530 427 habebat,

683 449 723 476 Et
739 447 832 484 gladii
850 446 977 482 lituique
994 445 1115 482 procul;
1140 450 1172 472 tu
1189 444 1325 472 marcida
1342 445 1413 471 luxu

681 497 763 531 Otia,
780 501 811 524 tu
829 504 958 523 somnos
974 494 1065 530 longe
1081 493 1227 530 propellis
1243 492 1365 526 inertes,

684 547 723 574 Et
740 551 876 574 teneram
894 542 1044 571 informas
1061 542 1137 570 mira
1154 542 1265 570 virtute
1277 542 1462 578 juventam;

682 595 736 624 Vel
755 595 834 622 latos
850 593 978 621 canibus
995 592 1095 619 saltus
1112 596 1268 619 scrutatus
1284 591 1398 624 odoris,

683 645 853 672 Ductorum
870 641 1010 678 exemplo
1027 646 1163 668 veterum
1182 640 1206 667 si
1223 645 1324 668 castra
1341 644 1498 673 vocarent,

682 692 810 722 Venturi
828 693 907 719 unde
924 690 977 718 tibi
995 689 1064 718 belli
1081 688 1228 716 formetur
1244 688 1358 725 imago,

682 743 743 770 Aut
760 749 884 770 nemore
900 748 1045 775 egressus
1062 738 1168 766 sedato
1185 743 1306 774 pectore
1324 737 1434 766 Musas

680 792 816 820 Assiduo
832 789 993 826 amplexus
1010 788 1122 822 studio,
1141 788 1201 815 iam
1220 797 1281 815 non
1299 787 1391 816 modo
1408 797 1496 823 reges

683 841 742 870 Sed
759 849 849 875 mage
866 838 1002 875 privatos
1018 837 1134 865 vivacis
1151 836 1294 864 acumine
1310 836 1424 864 mentis

682 891 866 926 ExsuperaS.
912 886 1064 924 Quicquid
1082 885 1242 922 peregrino
1258 885 1356 914 milite
1372 885 1471 921 gessit

682 938 821 971 Graecia,
842 936 1003 964 Persarum
1021 934 1113 962 ruerit
1129 943 1189 970 qua
1206 934 1286 962 mole
1303 934 1496 962 tremendum

682 987 858 1024 Imperium,
876 994 954 1021 quae
971 983 1018 1011 vis
1036 983 1145 1011 Medos
1162 983 1191 1010 in
1209 982 1273 1010 iura
1289 983 1389 1019 coegit

686 1037 807 1069 Extera,
825 1039 853 1062 et
872 1032 1020 1070 Assyrius
1036 1031 1145 1060 cecidit
1162 1040 1222 1067 quo
1238 1031 1358 1060 turbine
1373 1037 1480 1067 rector,

685 1086 782 1113 Roma
800 1082 991 1119 triumphato
1007 1081 1080 1118 quid
1098 1081 1199 1109 nobile
1215 1081 1346 1117 gesserit
1362 1082 1444 1116 orbe,

681 1137 742 1163 Aut
759 1133 896 1170 equitum
914 1131 1005 1160 alatis
1021 1131 1132 1159 turmis
1149 1131 1348 1167 peditumque
1363 1131 1506 1166 catervis,

683 1183 865 1211 Exhibitura
881 1181 1012 1217 aquilas,
1029 1185 1221 1208 ostentatura
1239 1180 1424 1217 triumphos,

681 1234 812 1271 Quaque
828 1230 922 1259 oritur
938 1239 1059 1266 quaque
1077 1229 1224 1257 occiduus
1241 1230 1285 1257 sol
1302 1230 1443 1258 conditur
1459 1229 1550 1258 undis

683 1282 722 1309 Et
739 1290 797 1317 qua
815 1279 1006 1315 squallentes
1021 1278 1168 1306 attollens
1183 1278 1253 1306 avia
1268 1288 1397 1316 campos

681 1329 783 1358 Africa
799 1328 883 1357 ferali
900 1327 1042 1364 coquitur
1058 1326 1189 1355 fecunda
1205 1336 1336 1362 veneno,

683 1379 722 1407 Iit
739 1388 799 1414 qua
815 1376 1002 1406 constrictus
1020 1376 1139 1404 Boreali
1158 1375 1269 1411 frigore
1286 1382 1400 1413 pontus

683 1426 821 1463 Egclidis
837 1426 935 1462 aperit
952 1425 1102 1452 immania
1118 1430 1258 1453 monstra
1275 1427 1332 1454 sub
1348 1426 1449 1461 undis,

683 1475 765 1503 Scire
783 1474 834 1502 tibi
853 1479 917 1501 tum
936 1473 1026 1501 ludus
1042 1477 1116 1501 erat.
1162 1473 1290 1509 lamque
1308 1474 1409 1503 indole
1425 1474 1503 1502 mira

684 1523 827 1551 Hausisti
844 1531 921 1558 quas
937 1522 1015 1550 celat
1031 1531 1106 1557 opes
1122 1522 1168 1550 vel
1186 1522 1280 1550 Graia
1298 1523 1412 1559 poesis,

684 1574 738 1602 Vel
759 1573 901 1602 Romana
917 1572 993 1608 tegit
1013 1571 1137 1600 Phoebo
1153 1572 1277 1601 ductore
1294 1574 1442 1606 Camena,

683 1623 834 1659 Pergama
850 1631 910 1658 qua
926 1621 1060 1650 cecidere
1077 1621 1150 1656 acie,
1168 1622 1238 1657 quis
1254 1627 1348 1651 terror
1364 1623 1515 1652 Achillem

683 1672 837 1700 Bellacem
854 1670 990 1703 armarit,
1008 1670 1108 1698 reduci
1125 1661 1304 1706 quis'casus
1324 1672 1430 1709 Ulyssi

680 1721 816 1749 Aedibus
834 1719 862 1747 in
881 1719 1010 1755 propriis
1026 1717 1152 1746 infamia
1168 1719 1291 1755 detegat
1307 1725 1384 1755 acta,

682 1769 741 1808 Qui
760 1768 862 1797 blandi
882 1768 982 1796 Didus
999 1768 1098 1803 ignes,
1114 1778 1192 1804 quae
1210 1767 1271 1796 sata
1289 1769 1433 1804 Creusae,

685 1819 724 1846 lit
740 1827 800 1854 quo
817 1817 962 1845 corruerit
979 1816 1147 1844 moriturus
1163 1817 1288 1846 vnlnere
1305 1817 1448 1847 Turnus:

682 1867 762 1905 Quid
780 1865 942 1902 profugum
960 1865 1098 1893 Aeneam
1118 1865 1325 1893 Laurentibus
1342 1866 1445 1895 intulit
1461 1866 1552 1900 arvis,

684 1916 723 1943 Et
739 1919 863 1951 gentem
881 1913 1006 1942 Ascanii
1024 1918 1088 1941 toto
1104 1913 1291 1942 circumtulit
1308 1915 1390 1949 orbe,

683 1964 752 1992 Hae
768 1962 821 1991 tibi
838 1962 959 1990 delitiae
976 1962 1132 1998 primaeva
1149 1968 1250 1990 aetate
1266 1962 1398 1993 fuerunt.

683 2013 785 2041 Prima
802 2011 974 2040 rudimenta
991 2012 1066 2039 haec
1083 2012 1238 2040 doctrinae
1254 2018 1283 2040 et
1300 2013 1420 2041 semina
1436 2014 1543 2050 prima,

681 2062 768 2100 Quae
785 2066 814 2089 te
831 2060 1004 2088 mirandum
1023 2060 1147 2096 reliquis
1165 2065 1288 2097 potuere
1305 2062 1481 2090 monarchis

681 2110 823 2139 Tradere.
870 2109 935 2137 Iam
953 2109 1066 2145 scripto
1082 2109 1202 2138 vivacia
1218 2119 1363 2147 spargere
1380 2110 1480 2140 famae

681 2159 795 2187 Omina
812 2157 938 2192 moliris,
955 2158 1070 2186 clarum
1087 2163 1116 2186 et
1133 2158 1331 2187 memorabile
1348 2160 1471 2196 magnis
