1903 2724
592 221 748 244 ANDREW
775 222 799 244 M
806 221 906 244 Assum

313 303 423 339 Qualis
439 303 522 331 enim
540 308 569 330 et
586 307 722 339 quantus
739 301 840 331 fueras
857 302 996 339 belloque
1013 307 1148 338 togaque

356 351 471 386 Dicere,
489 351 649 379 cunctiscii
666 356 713 380 est
731 361 845 379 munus
862 361 1001 388 opusque
1021 351 1087 379 Dei.

138 422 171 445 17-
195 416 291 443 Helice,
306 417 447 446 Cynosura.
482 416 538 439 'l'he
551 416 752 440 Constellations
764 417 792 440 of
803 417 845 440 the
862 417 939 440 hears
953 416 1036 447 (Ovid,
1052 416 1080 439 F.
1095 416 1128 439 iii.
1147 417 1208 446 ποῖ).

136 464 172 486 23.
195 457 295 484 lsueras.
310 458 345 480 sor
360 458 443 481 fucris.

135 505 172 527 24.
192 498 325 522 euntiscii.
361 499 520 529 Apparently
531 499 649 529 coinage.

72 1098 106 1117 10

75 1344 106 1373 ¹5

70 1592 106 1610 20

69 1837 103 1865 ²5

69 2083 106 2110 30

730 577 768 606 11.

314 647 396 676 Siste
413 648 511 676 viator
528 648 584 677 iter
600 649 767 685 paulisper,
785 658 926 685 quaeque
943 648 1108 685 sepulchro

353 697 469 725 Extant
487 707 661 726 marmoreo
679 698 828 726 lemmata
844 698 958 735 scripta
976 698 1050 733 lege.

312 745 418 774 Funde
435 746 542 783 legeris
558 747 742 784 lachrymas,
760 747 987 784 lachrymarum
1006 756 1067 774 non
1085 746 1138 774 tibi
1157 746 1257 774 solum

353 794 412 822 Sed
429 795 561 830 eunctis,
578 796 666 829 eheu,
685 806 746 824 non
764 797 836 824 data
852 806 947 825 causa
964 796 1051 824 levis.

315 843 402 872 Bello
418 849 448 872 et
464 845 558 874 caede
575 845 664 874 Cami
681 846 729 874 cui
747 846 817 882 plus
833 855 927 882 quam
946 844 1047 874 floruit
1065 854 1157 873 annas

354 893 408 921 Bis
425 894 663 931 quadringentis
679 895 844 924 nobilitata
860 895 992 923 domus:

313 942 369 970 Cui
387 951 486 979 genus
503 953 520 971 a
537 943 637 980 prisco
656 945 818 973 Scotorum
838 949 1004 972 stemmate
1022 952 1139 979 regum,

353 991 393 1020 Et
410 992 495 1028 regni
514 1002 673 1029 procerum
690 994 780 1030 (proh
797 993 897 1030 dolor)
913 1002 982 1022 ecce
997 1001 1121 1021 comes:

314 1039 435 1069 Kethus
452 1041 560 1070 maiori
577 1051 638 1078 quo
655 1052 716 1070 non
734 1052 766 1071 se
784 1043 877 1071 iactat
893 1043 1022 1070 alumno

354 1089 469 1125 Scotia,
487 1090 614 1120 deliciae
631 1092 733 1128 gentis
751 1092 913 1128 honosque
931 1102 1014 1120 suae.

312 1138 399 1167 Atria
417 1139 595 1176 magnificis
612 1141 764 1169 maiorum
782 1140 860 1169 fulta
875 1140 1052 1177 triumphis.

354 1189 577 1224 splendebant,
595 1191 706 1226 opibus
724 1199 785 1218 non
803 1190 878 1225 sine,
897 1190 1020 1223 Croese,
1037 1189 1108 1217 tuis.

311 1236 369 1265 Ast
386 1237 434 1265 his
451 1244 618 1267 contentus
635 1239 773 1267 nondum
792 1239 982 1268 fortissimus
1002 1238 1114 1272 Heros,

350 1286 407 1315 Cui
426 1287 526 1323 potior
542 1288 663 1325 proprio
682 1289 781 1317 Marte
798 1294 925 1325 paratus
943 1289 1052 1317 honos

315 1335 463 1364 Protinus
479 1336 510 1364 in
529 1336 693 1365 Summam
712 1338 900 1366 Cathedram
919 1336 1091 1374 penetravit
1108 1335 1246 1370 honoris,

361 1385 400 1412 Et
417 1386 531 1422 pariter
545 1391 675 1415 cunctos
691 1387 868 1415 nobilitavit
884 1396 970 1415 avos.

314 1433 477 1463 Ornabant
495 1435 602 1472 pietas,
619 1436 745 1464 animus
762 1446 884 1472 quoque
901 1436 1018 1471 largus,
1035 1436 1073 1463 ab
1089 1434 1176 1463 omni

354 1484 442 1513 Parte
460 1486 587 1522 probata
605 1485 689 1521 fides,
707 1486 756 1514 his
772 1495 895 1522 quoque
912 1486 1015 1514 iuncta
1033 1484 1154 1513 Charis.

313 1532 442 1567 Mundo,
461 1543 522 1562 non
540 1535 597 1563 soli
614 1535 740 1571 genitus
756 1535 823 1569 sibi,
842 1535 1022 1571 sumptibus
1037 1533 1178 1570 amplum

355 1582 537 1619 Hospitium
555 1584 655 1612 musis
671 1584 811 1620 praebuit
828 1584 879 1613 ille
896 1584 971 1613 suis.

311 1630 394 1659 Hinc
411 1631 475 1660 fora
490 1632 673 1669 causidicos,
690 1633 783 1662 habet
800 1633 872 1662 hinc
888 1632 1017 1662 ecclesia
1035 1631 1114 1660 fidos

353 1679 509 1715 Pastores,
527 1682 619 1711 habet
636 1688 666 1710 et
681 1682 765 1710 curia
782 1687 891 1710 sancta
909 1687 1022 1719 patres,

309 1728 412 1757 Gallia
429 1730 568 1759 doctores
586 1731 660 1767 petit
677 1731 759 1764 hinc,
777 1731 965 1765 Germanus,
985 1731 1124 1767 Iberque,

352 1778 417 1807 Nec
434 1788 495 1808 non
513 1780 564 1817 qui
582 1780 714 1817 liquidas
731 1779 866 1808 Tibridis
883 1780 985 1808 haurit
1002 1789 1108 1816 aquas.

310 1828 371 1857 Sed
388 1838 470 1858 nunc
486 1830 545 1858 heu
563 1830 668 1859 tristes
685 1829 776 1858 fletus
792 1830 830 1858 ad
848 1829 955 1859 funera
972 1829 1107 1858 fundunt

354 1877 497 1913 Pierides,
516 1879 617 1915 passis
635 1884 705 1916 post
722 1889 778 1907 sua
794 1884 881 1916 terga
897 1879 1007 1913 comis,

312 1927 351 1955 Et
368 1927 467 1956 violas
485 1933 646 1964 spargunt,
664 1937 827 1965 supremos
843 1927 920 1956 turis
937 1928 1074 1956 honores

349 1975 475 2004 Addunt
491 1981 520 2005 et
536 1977 672 2013 querulis
688 1977 781 2006 verba
798 1977 939 2005 sonanda
956 1976 1067 2005 modis.

313 2024 407 2052 Nulla
423 2030 518 2060 tuam,
536 2035 687 2062 generose
704 2025 828 2060 Comes,
846 2025 992 2054 deleverit
1009 2030 1095 2053 aetas

353 2073 495 2109 Famam,
513 2074 570 2102 etsi
587 2084 699 2112 corpus
715 2075 809 2103 livida
824 2075 948 2103 claudat
964 2075 1088 2102 humus

313 2123 404 2152 Parta
420 2124 473 2152 tibi
490 2125 575 2153 caelo
591 2125 720 2162 requies,
738 2125 926 2154 coelestibus
941 2125 1048 2152 adstas

355 2173 512 2208 Conciliis,
531 2183 656 2202 summo
673 2173 898 2211 perfruerisque
916 2174 1005 2201 bono.

1309 2220 1347 2242 ΡΙ)
