1883 2730
426 197 490 234 396

425 391 458 420 75

421 630 459 656 80

420 1130 457 1155 90

419 1373 454 1401 ‹25

423 1619 476 1637 100

426 1862 478 1890 105

424 2106 478 2124 110

826 203 920 227 MUSA
947 203 1083 226 LATINA
1110 201 1389 226 ABERDONENSIS.

666 284 786 313 Indolis
801 285 877 313 haec
892 284 1017 312 animos
1034 284 1190 313 sociarunt
1207 283 1331 312 vincula
1347 288 1484 318 nostroS‚

709 333 769 361 His
786 342 844 362 nos
860 333 966 362 nativo
983 332 1102 362 foedere
1119 333 1217 362 iunxit
1234 341 1332 366 amor,

665 382 725 421 Qui
742 391 805 410 non
822 382 987 418 ambiguae
1004 382 1115 411 metuit
1131 381 1312 410 discrimina
1329 381 1422 410 sortis

706 430 872 468 Temporis
887 436 941 460 aut
957 430 1060 459 varias
1077 430 1302 466 instabilesque
1318 430 1410 459 vices.

667 479 812 516 Namque
829 485 937 516 quater
953 480 1042 508 denis
1059 480 1150 508 robur
1165 479 1227 507 iarn
1245 479 1380 515 sumpsit
1397 479 1434 506 ab
1450 477 1552 513 annis,

707 528 825 565 Perque
842 538 916 557 suos
932 529 1032 565 coepit
1049 528 1287 565 provehiturque
1304 527 1429 563 gradus.

664 577 768 606 Ornus
784 578 885 606 adhuc
901 576 986 605 fibris
1004 575 1190 613 Erymanthi
1208 576 1237 604 in
1254 575 1390 604 culmine
1406 575 1478 603 nixa

704 627 759 655 Vel
776 626 906 655 modicis
922 626 1001 655 cedit
1018 625 1153 658 flatibus,
1174 625 1265 659 Eure,
1282 624 1363 653 tuis:

667 676 777 704 Latius
793 676 865 704 hinc
881 681 991 704 tenues
1007 675 1159 712 paulatim
1177 675 1303 703 tundere
1319 683 1425 702 ramos

705 725 829 753 Gauiet
844 730 874 753 et
889 724 1018 752 aestivis
1035 733 1066 752 se
1083 724 1225 752 decorare
1241 723 1349 752 comis.

663 773 754 802 Aerio
770 778 802 801 at
817 774 944 802 tandem
962 772 1083 800 iactans
1101 782 1133 801 se
1149 772 1262 801 vertice
1280 772 1399 800 Cauros

705 822 830 859 Spernit
846 827 876 851 et
893 821 959 850 irati
978 821 1094 850 fulmen
1112 821 1150 849 ab
1166 830 1234 850 arce
1253 821 1346 851 Iovis.

667 871 781 900 Noster
797 871 868 899 talis
884 880 989 904 amor;
1013 880 1105 906 quem
1122 879 1184 898 non
1201 870 1264 907 (pia
1282 869 1411 898 numina
1428 870 1537 907 testor)

706 921 777 949 Ulla
793 920 965 957 procelloso
982 919 1102 948 turbine
1121 919 1215 947 vincit
1232 918 1342 947 hiems.

661 970 751 998 Absit
768 975 800 997 ut
816 969 967 998 Aeacides
984 969 1120 1005 palmam
1139 969 1186 996 vel
1204 967 1284 996 fidus
1300 967 1438 996 Achates

705 1019 796 1047 Hanc
812 1018 866 1046 tibi
884 1017 1059 1055 praeripiat,
1077 1017 1280 1054 praeripiatve
1296 1016 1383 1051 mihi,

664 1068 746 1096 Huic
762 1067 832 1096 licet
849 1067 980 1101 Aeneas,
999 1066 1041 1094 illi
1060 1066 1130 1094 licet
1146 1065 1253 1094 afforet
1269 1065 1364 1093 armis

702 1118 803 1155 Quem
821 1116 877 1144 sub
895 1115 1064 1143 inassuetis
1081 1114 1282 1151 procubuisse
1299 1113 1408 1144 ferunt.

662 1166 826 1202 Euryalus,
846 1164 980 1199 Damon,
999 1163 1189 1192 suavissima
1205 1163 1330 1191 vatibus
1345 1163 1419 1191 olim

703 1214 849 1248 Nomina,
869 1214 921 1241 sed
938 1212 1061 1249 quoties
1079 1213 1207 1240 nomina
1224 1211 1294 1240 ficta
1311 1211 1421 1248 legas?

662 1264 786 1300 Integra
804 1268 910 1291 nostra
927 1261 1020 1295 fides;
1046 1262 1125 1290 hanc
1141 1270 1199 1290 nos
1215 1261 1347 1290 candore
1364 1261 1470 1289 mereri

702 1313 780 1347 Vim,
799 1312 845 1340 vel
863 1310 979 1339 invidia
995 1316 1082 1345 teste,
1101 1316 1224 1346 peracta
1241 1310 1356 1346 probet.

664 1362 738 1390 Inde
755 1361 848 1394 dolor,
865 1360 915 1397 qui
933 1369 982 1388 me
999 1365 1120 1388 tantum
1138 1368 1200 1388 non
1217 1358 1356 1395 perdidit,
1373 1358 1456 1386 orbis

703 1411 786 1439 Dum
806 1409 909 1446 procul
927 1419 944 1437 a
961 1409 1060 1446 patria
1076 1414 1105 1437 te
1123 1407 1304 1445 peregrinus
1320 1408 1422 1438 habet.

663 1460 719 1488 Est
737 1460 822 1487 locus
839 1458 980 1486 adductis
996 1467 1108 1486 curvos
1125 1457 1268 1485 sinuatus
1285 1456 1316 1484 in
1333 1466 1423 1485 arcus

703 1508 866 1540 Cornibus,
885 1510 1031 1536 Oceanus
1048 1507 1152 1543 pulsat
1170 1511 1335 1542 utrumque
1352 1506 1453 1535 latus:

664 1558 754 1585 Intus
770 1565 938 1584 arenosum
957 1556 1103 1584 decorant
1120 1556 1180 1583 duo
1197 1554 1327 1582 flumina
1345 1554 1441 1589 littus,

702 1606 983 1643 Nympharumque
1000 1605 1064 1633 rudi
1083 1604 1205 1641 pumice
1221 1609 1301 1632 tecta
1317 1604 1440 1635 domus,

664 1655 722 1684 Hic
739 1654 860 1691 quotics
876 1654 1003 1690 gemui?
1028 1663 1121 1689 quam
1140 1653 1264 1682 fletibus
1279 1662 1332 1681 ora
1350 1652 1456 1687 rigavi,

703 1703 872 1740 Implerent
889 1702 1024 1740 Zephyri
1041 1711 1111 1731 cum
1129 1702 1183 1730 tibi
1201 1702 1269 1730 vela
1287 1701 1394 1730 leves?

663 1753 739 1782 Vela
755 1753 809 1780 tibi
827 1752 990 1788 implerent
1008 1751 1152 1788 Zephyri,
1171 1751 1246 1778 mihi
1264 1756 1386 1787 pectora
1404 1751 1515 1786 luctus,

704 1803 787 1830 Ossa
803 1807 924 1835 tremor,
943 1801 1120 1837 lachrymae
1138 1800 1255 1828 lumina
1273 1806 1392 1828 maesta
1410 1799 1486 1836 piae.

666 1851 746 1879 Tum
764 1850 839 1878 mihi
858 1850 1066 1886 Demophoon
1083 1849 1171 1877 visus
1187 1849 1258 1876 dare
1273 1849 1400 1876 carbasa
1418 1848 1529 1882 ventis,

702 1899 783 1928 Tum
802 1899 877 1927 mihi
897 1899 1067 1927 Ionstonus
1086 1897 1275 1926 Protesilaus
1291 1903 1364 1931 erat,

663 1950 791 1988 Quaque
808 1947 893 1984 sequi
911 1947 1004 1980 licuit,
1021 1952 1166 1984 spectans
1182 1951 1235 1974 tua
1251 1946 1355 1979 lintea,
1374 1946 1502 1983 Phyllis,

707 1997 883 2025 Haemonis
899 2001 928 2025 et
945 2005 1039 2024 sensu
1059 1995 1249 2024 Laodameia
1266 1994 1318 2024 fui.

665 2046 736 2074 Non
753 2051 858 2074 tamen
875 2044 924 2073 hic
941 2050 1081 2073 nostrum
1099 2053 1210 2073 sensus
1227 2044 1378 2072 saturavit
1394 2052 1543 2078 amorem,

706 2094 771 2123 Nec
788 2094 872 2122 dolor
889 2094 937 2122 hic
955 2093 1050 2122 nostri
1069 2100 1151 2122 meta
1168 2092 1282 2121 doloris
1298 2098 1372 2122 erat.
