1903 2724
568 206 680 237 JAMEs
703 209 939 238 SANDILANDS.
1371 227 1434 258 337

190 279 238 310 IN
264 280 452 316 OBITUM
478 287 688 321 PATR1C11
716 291 939 326 FORBESII
966 297 996 328 A
1022 299 1185 339 CORSE,
1215 303 1310 336 ETC.

571 364 686 394 [Forbes'
700 366 833 397 ffimcmls,
849 371 932 401 1635.]

310 422 432 459 Ergone
450 424 499 453 ille
518 425 585 455 Deo
602 426 739 465 flagrans
756 432 904 469 omnique
921 441 1061 465 recoctus

306 469 379 500 Arte
396 471 465 508 pius
481 476 615 510 praesul,
632 478 753 508 Suadae
768 481 964 520 Sophiaeque
980 485 1124 521 medulla,

307 519 481 557 Mystarum
498 524 590 553 decus
607 532 636 554 et
653 528 766 565 regalis
782 539 907 566 gemma
924 540 1062 570 senatus,

306 568 396 598 Pacis
412 581 534 608 amans,
552 574 687 613 iurisque
703 583 732 606 et
749 581 994 612 servantissmus
1011 586 1101 623 aequi

77 621 92 649 5
300 617 432 656 Templa
450 621 518 651 Deo
534 623 713 655 instaurans
729 633 758 656 et
776 630 876 659 musis
892 633 975 661 culta
992 634 1124 672 Lycaea,

307 667 431 698 Mortali
449 671 507 700 hac
523 672 586 702 vita
603 673 728 705 functus
744 679 932 710 caelestibus
949 684 1067 713 umbris

302 716 441 755 Additur,
460 726 493 750 ut
508 721 619 752 flentes
635 729 733 755 terras
749 727 779 756 in
796 735 895 759 morte
912 733 1065 770 relinquat

298 765 454 798 Tristibus
470 773 625 809 exsequiis
641 779 670 803 et
686 777 796 806 acerbo
812 777 916 809 funere
933 792 1052 814 mersas
1067 785 1078 814 ?

300 815 340 845 At
359 817 402 846 sic
418 818 448 847 in
466 821 553 850 terris
570 822 645 852 vixit
662 825 701 854 sit
718 826 806 856 visus
823 834 856 857 ut
873 840 971 868 usque

57 870 92 889 10
297 866 392 896 Extra
408 867 476 897 illas
492 871 586 900 caelis
601 878 630 901 et
647 874 731 904 avito
747 876 857 914 degere
874 889 978 917 regno.

298 914 407 952 Sicque
423 918 527 947 orbem
545 920 690 958 linquens
706 923 816 955 fruitur
830 929 977 967 caeloque
995 933 1123 972 Deoque

300 963 344 993 Ut
361 965 400 994 sit
416 967 516 997 adhuc
533 971 621 999 terris
638 982 691 1009 per
706 975 829 1012 scripta,
848 987 899 1014 per
914 986 991 1016 acta,
1009 991 1169 1020 superstes
1183 999 1190 1016 z

298 1012 434 1052 Parsque
451 1017 497 1045 sui
515 1019 624 1049 melior
640 1021 755 1059 rigidae
772 1025 811 1054 sit
828 1028 932 1057 nescia
949 1032 1066 1062 mortis.

296 1062 395 1092 Fama
411 1065 466 1093 viri
484 1068 562 1096 tanti
579 1074 608 1098 et
625 1070 723 1101 virtus
741 1073 807 1103 sine
823 1075 929 1106 funere
945 1079 1036 1110 vivet.

53 1115 86 1144 15
296 1111 418 1149 Detque
435 1114 523 1144 Deus
538 1117 684 1156 similem,
703 1131 863 1160 nunquam
882 1127 997 1158 maiore
1014 1130 1158 1163 fruemur.

891 1175 951 1205 Iac.
969 1179 1177 1212 Sandilandus
1195 1185 1218 1214 Ι.
1237 1187 1276 1216 U.
1295 1188 1332 1218 D.

941 1225 1091 1258 Officialis
1107 1230 1260 1263 Aberdon.

112 1276 134 1293 2.
153 1270 190 1294 Of
200 1272 337 1305 Cethegus,
352 1275 450 1301 Ennius
463 1278 488 1302 in
503 1279 600 1310 Cicero,
613 1282 719 1312 Brutus.
736 1293 771 1315 15,
785 1288 823 1316 58.

114 1317 137 1341 3.
157 1312 224 1336 “He
236 1322 290 1338 was
303 1321 370 1340 most
383 1319 517 1345 steadable
530 1326 556 1345 to
569 1323 612 1346 the
624 1324 708 1349 whole
723 1326 821 1357 Estate,

44 1350 102 1379 se11;
122 1352 172 1376 and
184 1353 222 1377 sor
235 1355 254 1378 it
267 1356 396 1382 honoured
407 1360 457 1384 and
470 1361 583 1387 admired
603 1365 618 1388 b

45 1390 86 1415 the
98 1391 176 1422 Lord,
190 1395 261 1426 April
276 1398 312 1426 16,
329 1399 408 1431 1635).

835 1329 949 1355 whether
962 1332 994 1356 he
1007 1339 1061 1359 sate
1080 1336 1104 1360 in
1119 1338 1273 1366 Parliament
1286 1350 1314 1366 or
1327 1344 1411 1369 Coun-

619 1373 637 1395 y
650 1366 692 1390 the
704 1368 792 1393 wisest
811 1370 841 1394 of
858 1371 902 1395 the
921 1372 1070 1405 kingdom'’
1088 1378 1214 1410 (Sibbald,
1227 1383 1362 1409 Holinesse
1383 1389 1408 1411 to

1250 2231 1301 2257 UU
