1883 2730
468 185 533 222 408

474 427 526 456 ¹²5

475 673 529 700 130

476 917 529 946 135

478 1163 532 1188 ¹40

479 1407 531 1436 145

482 1653 536 1681 ¹50

482 1897 535 1926 155

484 2133 538 2160 160

873 191 967 215 MUSA
994 190 1129 214 LATINA
1154 190 1432 215 ABERDONENSIS.

714 272 798 300 Dum
815 272 898 302 videt
913 277 943 301 et
959 272 1036 302 ridet
1051 272 1136 308 vulgi
1154 281 1375 308 procerumque
1390 271 1555 306 turnultus,

713 320 855 350 oblectat
871 320 984 350 virtute
1001 323 1055 350 sua
1072 330 1114 355 se,
1131 326 1161 349 et
1178 319 1263 357 pacis
1279 329 1384 348 amore

713 369 855 398 Consilio
872 369 1027 406 placidum
1046 369 1087 398 nil
1105 378 1167 398 non
1185 368 1311 397 molitur
1326 368 1438 398 amico.

755 418 876 447 Interea
892 418 973 447 haud
992 427 1103 447 somno
1118 417 1239 446 curisve
1255 417 1404 446 emarcuit
1420 417 1529 454 aegris,

715 467 887 496 Indulsitve
903 467 1021 504 epulis:
1044 467 1155 496 melius
1172 466 1333 503 maiusque
1349 466 1421 503 quid
1437 467 1497 496 acri

714 515 846 552 Ingenio
862 525 992 544 versans
1009 516 1055 544 vel
1073 515 1178 552 legum
1195 515 1375 553 aenigmata
1392 515 1493 551 solvit,

714 563 823 592 Iudicii
840 563 889 592 hic
906 563 981 591 nulli
999 569 1139 592 veterum
1156 563 1310 599 gravitate
1327 563 1490 598 secundus,

714 612 770 641 Vel
787 617 876 641 tonat
891 612 1022 649 eloquio,
1040 613 1113 640 dum
1131 611 1318 641 circumfusa
1333 621 1447 641 corona

715 662 900 698 Magnatum
920 661 1042 690 Suadae
1059 661 1148 690 labiis
1165 666 1257 699 atque
1272 666 1336 690 arte
1354 661 1480 690 Periclis

716 710 878 739 Dicentem
895 716 999 747 stupet
1015 716 1044 739 et
1061 710 1188 739 redivivi
1206 711 1350 740 Nestoris
1366 720 1425 739 ore.

754 760 810 788 Vel
827 759 911 788 dium
929 760 1097 788 meditatur
1112 769 1198 797 opus,
1215 760 1340 796 verique
1357 765 1480 797 reposto

716 809 805 837 Eruit
820 818 836 837 e
853 809 970 846 gremio
986 809 1119 838 celebret
1135 819 1214 846 quae
1232 809 1314 838 fama
1331 809 1484 846 perennis.

716 858 808 886 Nunc
824 863 995 894 natumque
1011 858 1099 886 docet
1116 858 1189 886 iusti
1207 858 1257 895 pia
1273 858 1380 886 munia
1396 858 1486 895 regis,

715 907 879 945 Quamque
895 907 1002 936 animo
1018 908 1117 944 patrio
1134 908 1296 945 legemque
1312 917 1500 945 gregemque
1515 908 1591 937 tueri

717 955 901 991 Conveniat,
920 966 997 992 quae
1014 957 1078 984 iura
1096 957 1200 992 sacris,
1218 957 1290 994 quid
1308 956 1415 993 fasque
1432 956 1588 993 nefasque.

757 1005 849 1034 Nunc
865 1010 945 1034 artes
961 1006 1090 1034 damnat
1107 1006 1247 1043 magicas
1263 1006 1464 1043 magicosque
1480 1015 1633 1040 susurr05‚

718 1053 829 1082 lllicita
846 1059 876 1083 et
891 1055 1047 1083 damnans
1064 1055 1145 1084 licita
1161 1055 1279 1084 ratione
1297 1055 1413 1085 retexit.

758 1103 850 1132 Nunc
867 1104 974 1132 stricto
991 1114 1139 1133 mucrone
1156 1105 1233 1142 petit
1249 1104 1378 1142 fuligine
1394 1105 1509 1133 tinctos

717 1153 874 1187 Cerberea,
893 1152 1060 1190 soedosque
1076 1154 1194 1183 halitus
1209 1154 1419 1191 graveolentis
1435 1153 1548 1182 Averni

718 1201 823 1230 Indica
840 1211 919 1239 quos
935 1203 1043 1232 tubulo
1060 1202 1160 1232 fundit
1178 1213 1313 1240 panacea
1330 1208 1449 1232 recocto

719 1250 908 1286 Detestatur,
926 1256 955 1280 et
973 1261 1071 1289 usque
1087 1252 1152 1281 odit
1167 1262 1244 1281 eane
1260 1252 1349 1289 peius
1365 1258 1394 1281 et
1411 1261 1520 1289 angue.

759 1299 850 1328 Nunc
867 1300 1063 1338 Capitolinae
1080 1300 1206 1338 fastigia
1221 1301 1313 1330 diruit
1329 1301 1409 1330 arcis

717 1347 793 1377 Tela
811 1354 981 1378 retorturus
997 1350 1092 1386 Torti,
1111 1355 1141 1379 et
1158 1351 1220 1379 vim
1239 1351 1356 1379 viribus
1371 1351 1442 1380 exit.

759 1398 849 1427 Nunc
867 1399 971 1436 (genio
989 1399 1175 1436 ingenioque
1192 1405 1302 1437 potens
1320 1400 1474 1428 Baronius
1490 1400 1549 1428 huc
1566 1409 1598 1428 se

720 1446 819 1475 sistat
836 1453 866 1476 et
883 1447 933 1475 illa
951 1458 1024 1477 suae
1042 1453 1158 1486 repetat
1175 1449 1340 1486 primordia
1357 1448 1480 1486 famae.)

721 1496 855 1524 Palladis
872 1496 902 1524 in
919 1497 1030 1525 castris
1047 1497 1166 1533 meruit,
1187 1498 1383 1535 Sophiaeque
1400 1498 1429 1526 in
1447 1495 1538 1527 arena

721 1544 940 1574 Mirmillonem
958 1546 1029 1581 egit,
1048 1551 1113 1574 toto
1129 1546 1302 1575 admirante
1320 1547 1450 1584 Lycaeo.

722 1594 878 1623 Suavibus
895 1600 943 1623 ast
960 1595 1038 1623 alias
1055 1595 1214 1624 absinthia
1231 1595 1358 1624 floribus
1373 1596 1495 1633 Hyblae

720 1642 896 1680 Temperat,
915 1649 947 1672 ut
965 1644 1076 1672 studiis
1091 1644 1286 1681 gravioribus
1301 1645 1391 1674 obvia
1409 1645 1501 1673 Musa

721 1692 832 1721 Leniat
848 1693 1030 1730 improbitas
1046 1693 1188 1730 quicquid
1207 1694 1339 1731 paritura
1355 1694 1477 1723 laboris.

723 1741 888 1779 Ingenium
903 1742 928 1769 O
946 1751 1047 1770 rarum
1063 1743 1068 1769 !
1094 1742 1152 1770 Vix
1167 1748 1255 1771 aetas
1272 1743 1392 1780 integra
1410 1743 1523 1780 promit

721 1790 832 1819 Vatem
850 1800 945 1818 unum
963 1790 1065 1829 (Bavii
1083 1792 1220 1820 numeris
1235 1792 1445 1830 constringere
1460 1802 1583 1821 versum

722 1839 779 1868 Cui
797 1848 858 1868 non
876 1849 973 1876 paene
990 1840 1095 1868 datum
1110 1840 1136 1877 ?)
1160 1840 1261 1869 Musis
1277 1846 1306 1870 et
1323 1841 1467 1878 Apolline
1483 1841 1611 1878 dignum

722 1887 779 1915 Cui
796 1897 909 1916 nomen
924 1897 929 1916 :
955 1888 1059 1917 verum
1077 1888 1209 1918 redimiri
1226 1894 1364 1926 tempora
1381 1890 1474 1925 lauro,

722 1937 791 1974 Qua⁴
807 1946 857 1965 rex
873 1936 917 1965 sis
933 1937 1105 1971 hominum,
1123 1939 1182 1974 qua
1199 1937 1462 1976 Maeonidumque
1479 1939 1632 1968 sacerdos,

723 1985 780 2014 Dic
795 1994 862 2022 age,
879 1986 986 2022 quanti
1003 1986 1098 2014 animi
1114 1986 1242 2015 cuiusve
1259 1987 1334 2016 haec
1350 1988 1447 2025 gloria
1464 1988 1556 2017 saecli
1571 1988 1582 2016 ?

723 2033 850 2063 Actiaca
866 2034 915 2063 hie
931 2035 1020 2063 testis
1036 2034 1173 2071 victoria,
1192 2036 1257 2064 sola
1275 2036 1430 2065 LEPANTO

724 2083 837 2119 Digna,
855 2083 949 2112 Asiae
964 2083 1161 2120 opprobrium
1179 2084 1355 2121 Christique
1372 2085 1539 2122 Crucisque
1555 2085 1741 2122 triumphus.

763 2131 844 2170 Quid
861 2132 941 2169 quod
959 2141 1119 2170 nunquam
1139 2133 1215 2162 adeo
1231 2133 1335 2170 dignis
1352 2134 1489 2170 adeoque
1506 2134 1673 2171 probandis
