1903 2724
66 495 118 525 Ι55

64 733 119 761 160

64 979 116 1017 165

60 1236 114 1264 170

57 1481 110 1510 175

54 1719 108 1747 180

52 1964 104 1999 185

546 208 659 232 DAVID
684 209 948 234 WEDDERBURN.

351 290 462 319 Extera
480 289 505 318 si
523 299 617 327 regna
634 291 708 319 haec
724 290 888 319 concordia
905 290 1025 319 foedera
1045 291 1129 327 pacis

311 339 497 376 Respuerint
515 339 648 376 peritura
666 339 723 373 sui,
743 345 773 368 ut
792 339 969 375 Narcissus,
986 350 1102 374 amore,

308 388 404 424 Perge
420 393 536 423 tamen,
554 397 613 423 rex,
631 398 722 425 perge
739 393 810 417 tuos
826 388 922 423 unire,
941 399 996 417 nec
1014 390 1094 418 ullae

308 437 468 474 Reliquiae
485 437 620 466 invidiae
637 437 759 466 subsint
777 442 956 467 veterumve
974 438 1137 474 malorum,

307 486 405 524 Inque
422 496 517 515 unum
535 492 657 516 coetum
675 491 704 516 et
721 487 806 522 leges
822 496 970 516 coeamus
988 488 1017 516 in
1037 497 1124 516 unas.

306 535 389 564 Hinc
405 536 500 564 veluti
517 545 595 572 quae
612 537 710 564 multa
727 536 826 564 virum
844 536 904 564 iam
923 537 1047 565 saecula
1064 537 1136 565 vicit

305 585 484 614 Visceribus
501 590 596 614 terrae
613 586 737 622 penitus
753 585 898 621 defigitur
913 586 1014 620 arbos,

306 633 500 670 Brachixique
517 633 654 662 extendit
671 644 749 670 quae
767 644 828 662 non
847 644 992 671 superare
1008 635 1056 664 vel
1074 634 1179 663 Austri

305 683 495 719 Praecipites
511 683 634 712 valeant
651 683 698 711 vel
716 682 856 711 fulminis
873 683 957 712 alitis
975 683 1046 718 irae,

306 733 428 769 Nempe
444 731 555 760 cohors
572 731 687 760 Christi
705 732 804 760 solido
821 732 1002 761 fundamine
1020 733 1109 762 sedes

305 781 365 809 Hic
382 781 519 817 positura
537 791 620 816 suas,
639 781 682 809 sic
698 786 727 809 te
744 781 801 809 tria
819 791 912 817 regna
931 782 988 810 sul)
1005 791 1068 811 uno

304 831 441 859 Foedera
458 830 614 858 amicitiae
632 831 758 859 tandem
776 831 852 859 haec
870 830 982 859 initura
1000 831 1155 867 perennis.

305 880 352 908 En
369 884 434 908 tota
451 879 527 908 haec
543 879 650 907 mundi
668 889 845 916 compages,
865 889 968 909 nonne
986 881 1123 917 parentis

304 928 388 958 Unio
405 933 543 961 naturae,
560 928 679 965 gremio
696 929 768 957 dum
787 935 901 966 pontus
917 939 1014 967 opaco

305 979 345 1007 Se
362 983 460 1007 terrae
477 977 616 1006 insinuat
633 978 769 1015 dumque
785 979 892 1007 oscula
909 984 1018 1008 mutua
1034 984 1138 1016 captat
1154 979 1164 1008 ?

304 1027 387 1056 Hinc
403 1037 499 1056 unum
518 1027 548 1055 in
565 1027 654 1056 celeri
671 1029 836 1056 decurrunt
854 1027 983 1056 flumina
1001 1029 1088 1065 lapsu

303 1078 473 1112 Oceanum,
492 1077 638 1105 Oceanus
655 1076 767 1105 refluas
785 1083 854 1115 post
871 1078 966 1113 egerit
985 1078 1094 1113 undas⁷

308 1127 488 1163 Cursusque
504 1125 553 1154 his
569 1126 691 1155 variant
707 1126 826 1155 vicibus
843 1127 1026 1163 variantque
1043 1137 1194 1156 recursus.

303 1176 390 1204 Haec
406 1175 561 1204 elementa
579 1175 688 1204 fovens
704 1185 756 1204 aer
773 1185 805 1204 se
821 1176 967 1212 expandit
983 1177 1020 1205 ad
1037 1186 1149 1205 omnes

299 1225 473 1261 'serrasque
491 1229 669 1261 tractusque
686 1225 788 1259 maris,
807 1225 952 1260 genitalis
969 1230 999 1253 et
1015 1224 1086 1253 inde

301 1275 434 1308 Humor,
451 1279 480 1302 et
498 1274 567 1302 inde
583 1273 747 1302 hominum
765 1283 799 1302 ac
816 1274 966 1310 pecudum
984 1273 1128 1311 vitaeque
1144 1274 1306 1303 volantum
1321 1285 1326 1303 1

338 1325 378 1352 At
394 1323 470 1351 caeli
488 1323 545 1351 hos
561 1332 690 1359 campos
708 1323 842 1360 liquidos
858 1332 896 1351 en
913 1323 980 1351 axis
997 1328 1124 1360 uterque

299 1372 422 1409 Excipit
438 1372 592 1408 amplexu.
636 1371 740 1400 Tanta
755 1377 802 1401 est
818 1372 982 1401 concordia
999 1382 1110 1402 rerum.

297 1421 489 1458 Complexus
505 1421 616 1450 divelle
633 1421 719 1455 istos,
738 1422 901 1458 laxataque
919 1421 994 1450 fiant

297 1471 448 1505 Membra,
467 1470 525 1498 hae
541 1479 732 1507 congeneres
749 1477 861 1507 partes,
877 1480 915 1499 en
933 1471 1075 1507 protinus
1091 1471 1193 1499 omnis

296 1521 330 1548 Iu
347 1521 442 1549 chaos
459 1520 620 1556 antiquum
638 1519 770 1548 reditura
787 1520 862 1548 haec
879 1520 1024 1548 machina
1041 1520 1159 1549 mundi.

296 1569 346 1598 Sic
364 1579 463 1597 rerum
480 1574 589 1597 natura
606 1579 718 1605 parens
735 1569 784 1597 his
802 1569 932 1598 nexibus
949 1579 1060 1598 omnes

297 1618 399 1646 Mollit
415 1623 444 1646 et
462 1618 491 1646 in
510 1617 606 1646 nostri
624 1618 748 1654 penitus
765 1618 923 1655 conspirat
939 1627 1086 1647 amorem.

293 1667 374 1696 Tum
393 1667 484 1695 sedes
500 1677 562 1695 una
578 1672 635 1702 est,
654 1677 715 1696 uno
731 1668 928 1696 circumsona
946 1672 1051 1704 ponto,

296 1717 360 1746 Uni
377 1717 495 1751 hostes,
513 1725 575 1744 uno
594 1716 730 1753 sociique
747 1716 896 1753 ligamine
913 1717 998 1753 pacis

296 1765 430 1800 Evincti,
447 1770 540 1802 atque
557 1775 619 1793 una
635 1766 710 1793 haec
727 1765 830 1794 Arctoi
847 1766 985 1794 climatis
1003 1776 1086 1799 aura,

292 1816 364 1844 Una
380 1820 409 1843 et
426 1814 541 1851 lingua,
559 1820 651 1851 atque
668 1824 729 1843 una
746 1814 832 1849 fides,
851 1815 938 1843 Deus
955 1825 1045 1849 unus,
1063 1820 1092 1843 et
1109 1825 1192 1843 unus

294 1863 369 1898 Rex,
386 1863 480 1891 decus
496 1868 588 1900 atque
605 1863 648 1891 tui
666 1864 776 1892 merito
793 1873 864 1900 pars
880 1864 1017 1892 maxima
1035 1863 1129 1900 regni.

333 1912 420 1951 Quae
436 1922 508 1941 vero
524 1912 684 1946 comitum,
701 1922 779 1949 quae
795 1918 884 1941 tanta
900 1913 976 1941 haec
993 1913 1082 1941 turba
1099 1915 1247 1941 tuorum?

294 1961 486 1990 Saxonidum
504 1961 647 1997 praefecti
665 1961 747 1990 arvis
765 1961 884 1998 ipsique
901 1966 1024 1990 vetusta

292 2010 484 2040 Saxonidum
501 2011 538 2039 de
554 2017 655 2047 gente,
671 2011 744 2045 tuis,
761 2021 797 2040 en
818 2011 932 2046 Scotia‚
950 2011 1052 2047 regnis

293 2059 469 2088 Succedunt
486 2060 669 2097 stabilisque
685 2060 739 2088 tibi
757 2060 831 2096 quin
849 2060 934 2096 pacis
949 2060 1063 2088 olivam

292 2109 504 2138 Praetendunt
520 2109 642 2146 insigne
659 2119 765 2144 manu,
782 2118 860 2145 quae
877 2109 994 2146 spicula
1011 2109 1137 2137 vibrans

291 2158 373 2186 Olim
390 2157 456 2186 acie
472 2158 624 2186 instructa
641 2163 808 2195 nostroque
825 2158 943 2186 imbuta
959 2167 1065 2186 eruore
