1903 2724
550 200 659 223 imvm
686 200 949 223 WEDDFRHURN.

184 281 245 312 Ill.
271 281 789 314 SYNEUI’HRANTERION
818 281 864 311 IN
894 281 1075 313 REDITU
1105 282 1245 313 REGIS

75 980 109 998 10

75 1224 108 1253 15

75 1471 111 1489 20

77 1715 111 1744 25

78 1962 116 1990 30

587 333 811 371 SCOTIAM,
839 334 929 372 1617.

456 421 573 450 [Dvlieiw
592 421 729 445 Poetarum
748 421 888 448 Scotorum,
907 420 931 443 ii.
945 420 1055 450 557-65.]

525 461 624 492 [Andro
642 463 720 489 Hart:
742 461 834 485 Edinb.
848 468 877 491 40
892 463 974 492 1617.]

318 527 438 556 Phoebe
455 528 533 561 vale,
549 537 667 565 vosque
684 537 744 556 una
761 527 835 556 olim
853 537 922 556 mea
938 536 1010 556 cura
1027 535 1148 556 sorores

318 576 362 605 Ite
379 586 509 607 novem:
534 577 624 606 vanis
640 583 743 606 vestra
760 577 840 606 haud
857 586 915 614 ego
931 576 1061 605 numina
1078 576 1160 605 votis

316 625 487 654 Sollicitare
503 635 586 663 paro,
603 635 658 655 nec
675 626 736 654 iam
754 627 874 655 deserta
891 635 943 662 per
958 626 1021 654 alta

316 674 462 703 Parnassi
480 684 528 704 me
545 680 646 712 raptat
661 675 730 712 opis
747 684 818 712 spes
835 675 940 711 indiga
956 679 1086 704 vestrae.

315 724 438 763 Quippe
453 725 548 753 alium
566 724 647 754 facili
664 725 825 754 divertitur
840 725 940 753 orbita
955 725 1036 753 clivo

316 773 362 802 Ad
382 774 552 809 Phoebum,
569 774 658 803 cuius
674 774 769 803 facies
785 774 860 802 mihi
878 774 995 803 reddita
1011 774 1125 802 anhelo

314 822 409 851 Acres
426 823 532 852 nescio
547 832 627 860 quos
643 823 789 852 stimulos
805 824 862 851 sub
879 828 1000 860 pectore
1016 828 1127 852 versat.

316 871 433 907 Aegide
449 877 618 909 conspecta
635 871 719 901 ferali
737 881 771 901 ac
789 872 947 908 Gorgonis
963 881 1015 901 ore

318 920 480 957 Diriguere
496 921 640 950 homines
657 921 687 949 in
705 931 790 955 saxa,
807 926 838 949 at
856 930 948 950 saxea
964 921 1055 950 corda

317 970 440 998 Molliat
457 971 533 999 haec
549 970 643 999 facies
659 975 751 1008 atque
766 971 879 1000 enthea
897 980 989 999 sensa
1006 970 1168 999 ministret.

316 1019 342 1048 O
359 1019 471 1048 dilecta
489 1020 557 1048 Deo
574 1019 678 1054 facies,
695 1020 743 1048 cui
762 1020 879 1057 Iupiter
895 1020 961 1057 ipse

316 1069 463 1104 Cessent,
480 1069 623 1098 aetherea
639 1070 745 1098 vultus
761 1074 794 1098 ut
811 1070 878 1098 luce
894 1079 1041 1098 coruscos

317 1117 461 1147 Indueret
479 1119 661 1155 Semeleque
678 1118 756 1147 istos
772 1118 908 1147 rediviva
924 1124 1074 1155 reposcat.

358 1167 441 1203 Ergo
456 1172 487 1196 te
503 1167 552 1196 hic
568 1167 655 1196 sistis
671 1168 824 1201 reducem,
844 1167 909 1196 Rex
926 1167 1064 1205 magne?
1108 1168 1200 1197 Tueri

319 1215 380 1244 Ora
396 1217 503 1244 datum
520 1221 549 1245 et
566 1221 657 1245 notas
673 1216 778 1245 audire
794 1222 823 1245 et
840 1217 963 1245 reddere
979 1219 1094 1246 voces?

316 1265 465 1301 Optatam
483 1265 509 1294 O
526 1266 625 1294 lucem
642 1265 736 1294 toties
750 1266 755 1294 Ι
783 1276 844 1303 qua
860 1266 946 1294 nulla
961 1266 1070 1295 reluxit

315 1314 491 1349 Candidior,
509 1323 547 1343 ne
562 1319 629 1343 tum
646 1314 764 1344 domita
781 1315 942 1352 Babylone
959 1316 1091 1352 superba

318 1362 455 1399 Magnus
472 1363 646 1392 Alexander
661 1363 769 1401 magni
786 1373 856 1392 cum
874 1363 957 1392 flexit
973 1364 1112 1393 habenas

317 1411 409 1440 Orbis
425 1417 454 1440 et
470 1418 625 1442 extremos
641 1422 698 1441 sua
715 1418 835 1450 sceptra
851 1414 987 1442 extendit
1003 1414 1041 1442 ad
1060 1414 1165 1443 Indos

318 1460 464 1498 Namque
481 1461 550 1490 licet
566 1471 695 1499 compos
710 1462 788 1490 tanti
807 1462 1039 1497 moderaminis,
1056 1463 1142 1491 illum

318 1509 467 1539 Attamen
484 1511 566 1539 haud
583 1511 694 1540 iterum
711 1516 781 1548 post
797 1516 844 1540 tot
859 1511 990 1548 repetita
1004 1516 1132 1548 tropaea

318 1558 360 1586 Di
376 1559 501 1588 voluere
517 1569 655 1596 unquam
673 1559 789 1597 patrios
806 1560 939 1589 invisere
955 1559 1044 1590 fines.

320 1607 446 1636 Numen
463 1613 495 1637 at
510 1618 580 1637 ecce
595 1609 650 1637 tibi
667 1609 832 1643 concessit,
849 1614 883 1638 ut
898 1614 971 1638 ante
988 1614 1131 1638 senectae

320 1657 464 1686 Stamina
479 1667 572 1695 quam
591 1667 677 1687 serae
693 1658 747 1686 tibi
765 1658 878 1687 Clotho
894 1668 1024 1688 emensa
1040 1658 1160 1687 revisas

314 1705 469 1735 Maiorum
487 1707 659 1744 aetatisque
675 1712 748 1736 tuae
764 1707 953 1736 incunabula
969 1707 1077 1745 prima.

361 1755 445 1792 Ergo
461 1756 541 1791 veni,
559 1756 735 1793 amplexare
751 1761 822 1785 tuos
839 1757 985 1794 ulnisque
1001 1761 1123 1786 tuorum

320 1803 496 1841 Amplexari
513 1814 608 1833 aveas
624 1814 809 1842 magnorum
828 1806 854 1834 O
871 1806 1005 1835 maxime
1022 1815 1141 1843 regum.

321 1853 393 1882 Non
410 1864 482 1884 vero
498 1854 654 1883 allicimus
670 1860 734 1883 tarn
752 1855 863 1892 opibus
880 1855 1054 1893 Gangetica
1071 1856 1163 1884 tellus

320 1904 407 1941 Quas
424 1902 532 1939 fundit,
549 1904 680 1933 donisve
696 1904 822 1942 Ophyre
837 1914 915 1941 quae
931 1904 1012 1933 flava
1027 1905 1159 1934 caminis

322 1952 474 1990 Excoquit
492 1953 580 1988 Eois,
597 1954 645 1982 vel
662 1963 741 1990 quae
756 1953 865 1989 Tagus
881 1953 993 1982 aurifer
1007 1954 1121 1989 amnis,

323 2002 359 2030 In
376 2012 460 2031 mare
476 2012 663 2040 purpureum
682 2003 797 2040 rapidis
814 2003 950 2032 devolvit
967 2003 1079 2038 arenis,

1276 283 1319 312 ΙΝ

322 2051 425 2089 Quam
442 2050 521 2080 fidae
538 2052 620 2080 haud
636 2057 814 2089 corruptum
832 2061 969 2089 unquam
986 2051 1123 2081 libamus
1139 2063 1276 2083 amorem

324 2099 451 2134 Mentis,
467 2105 497 2129 et
513 2101 571 2129 hoc
587 2105 705 2137 patrem
722 2101 839 2137 patriae
855 2106 885 2129 te
900 2101 1117 2137 amplectimur
1133 2111 1206 2132 uno.

323 2147 481 2187 Quinsssua
497 2147 558 2177 tela
575 2148 645 2176 licet
662 2148 722 2176 iam
740 2149 801 2177 iam
818 2157 902 2177 mors
919 2158 1013 2177 saeva
1028 2149 1173 2185 minetur,

1367 200 1427 232 375
