1903 2724
80 295 115 323 35

80 542 117 567 4ο

80 786 115 815 45

80 1033 117 1061 50

80 1277 115 1306 55

80 1518 117 1544 60

83 2016 118 2042 70

560 203 672 226 1⁷»wi
698 203 925 227 Wl⁴3111>151<1ss11<
933 204 962 227 N.

322 285 408 313 Adde
425 285 506 321 quod
523 284 662 313 Aonidas
679 294 802 321 semper
817 284 889 321 quid
907 285 1000 314 inane
1018 285 1135 321 putavi,

364 333 429 362 Nec
446 334 561 370 placuit
577 333 670 370 genio
687 334 789 370 pulvis
805 339 835 362 et
851 334 960 362 umbra
977 343 1056 362 meo.

323 383 412 421 Quod
430 383 454 410 si
472 392 566 420 parva
584 382 658 411 mihi
676 382 723 410 sas
739 388 786 410 est
802 391 988 419 componere
1006 383 1141 419 magnis,

365 432 415 460 Sic
434 431 613 460 Laertiades
629 437 747 460 tractus
764 431 793 459 in
810 441 896 459 arma
915 431 980 461 fuit.

325 481 395 518 Ipse
411 481 483 510 dolo
499 479 596 509 falsus
614 480 726 509 falsum
744 481 788 509 sic
805 481 895 509 traxit
913 481 1066 509 Achillem

363 529 486 564 Aulida,
504 535 537 558 ut
555 529 700 559 Inachias
717 529 841 558 duceret
858 530 929 558 inde
947 535 1035 559 rates.

323 579 383 608 Par
399 580 490 615 genio
507 579 631 608 fortuna
648 585 722 614 tuo;
746 579 811 614 tibi,
828 584 957 615 tangere
975 579 1075 608 famae

365 627 449 656 Dum
467 637 613 665 properas
630 633 745 665 portus,
762 633 869 656 aestus
885 633 914 656 et
929 638 1004 657 aura
1021 628 1135 659 favent.

324 678 403 706 Ecce
419 677 473 706 tibi
491 679 640 714 proavssm
657 686 809 714 generoso
826 677 979 713 sanguine
996 678 1125 713 dignum

364 726 540 763 Ingenium,
558 726 676 764 primus
693 727 866 756 nobilitatis
883 727 1002 755 honos!

324 776 404 805 Ecce
420 775 482 804 tuis
498 776 595 813 elegis
612 777 685 804 dum
702 776 804 805 tendis
821 776 859 804 ad
875 777 970 805 ardua
989 776 1078 805 Pindi

365 825 522 859 Culmina‚
540 825 679 854 Nasonis
695 825 772 854 lecta
787 835 900 854 corona
918 827 1030 854 manu!

325 875 502 912 Purpureus
519 875 596 903 nitet
612 874 661 903 hic
678 880 871 909 amarantus,
889 875 953 903 lilia
969 875 1080 910 rident,

363 924 505 960 Cumque
521 923 592 960 apio
608 923 717 959 violae,
735 933 804 952 cum
823 923 974 960 violisque
991 934 1088 953 rosae.

324 973 392 1008 Hic,
411 972 612 1008 Buchanane,
630 977 702 1002 tuae
717 972 865 1001 defensae
882 974 1020 1010 praemia
1038 974 1160 1009 Musae,

363 1022 512 1060 Quercus,
529 1026 559 1050 et
575 1021 647 1050 hinc
664 1022 774 1058 triplex
790 1022 896 1050 laurus
912 1032 1045 1051 amoena
1061 1032 1179 1052 comae.

324 1070 372 1099 Ne
389 1070 461 1107 quid
478 1071 562 1100 enim
579 1071 660 1099 desit
676 1080 737 1107 quo
753 1071 867 1100 vertice
884 1071 983 1100 sidera
1000 1076 1124 1107 tangas,

364 1119 440 1148 Aevi
458 1124 487 1148 et
505 1119 642 1148 miraclis
658 1120 862 1148 adnumerere
878 1120 922 1148 tui
939 1131 945 1152 ς

322 1169 477 1206 Archytas
493 1168 653 1205 quidquid,
671 1169 820 1205 quidquid
839 1169 1015 1198 Podalirius
1031 1179 1139 1203 ausus,

365 1217 405 1245 Et
424 1217 560 1254 Sophiae
576 1217 725 1254 quidquid
742 1218 876 1246 circulus
893 1218 997 1247 omnis
1014 1219 1117 1252 habet,

324 1266 440 1295 Linceo
457 1266 485 1294 id
502 1275 596 1295 omne
612 1271 666 1295 tuo
681 1267 815 1295 rimatus
832 1267 960 1300 lumine,
977 1277 1044 1296 rara

365 1316 504 1345 Naturae
520 1316 644 1353 penitos
660 1317 779 1345 excutis
795 1322 860 1346 arte
878 1317 976 1347 sinus.

325 1366 412 1394 Haec
427 1374 486 1402 ego
503 1365 662 1402 praesensi
680 1365 741 1394 iam
758 1371 836 1401 tum,
853 1375 923 1395 cum
942 1366 1059 1404 remige
1078 1366 1204 1396 Phoebo

365 1414 487 1451 Exigua
502 1415 620 1451 legeres
636 1414 740 1444 littora
757 1424 844 1444 sacra
861 1420 935 1445 rate.

324 1463 496 1499 Praesensi,
514 1473 570 1493 nec
586 1463 652 1492 avis
668 1473 797 1501 praepes
813 1464 890 1492 mihi
907 1474 1021 1501 penna,
1038 1474 1094 1494 nec
1110 1471 1189 1500 exta,

365 1513 426 1542 Sed
443 1512 521 1541 ratio
537 1513 703 1550 augurium
716 1513 909 1550 judiciumve
925 1513 992 1544 fuit.

323 1562 418 1601 (Tum
436 1561 565 1591 memini
583 1567 613 1591 et
629 1562 813 1591 meminisse
830 1562 937 1601 iuvat),
956 1572 1038 1591 nunc
1055 1573 1146 1592 aurea
1164 1568 1268 1592 tentas

365 1612 433 1640 Fila
450 1612 533 1648 lyrae
550 1611 660 1640 Aoniis
677 1611 862 1640 solicitanda
879 1612 990 1642 modis.

323 1661 415 1690 Nunc
431 1669 533 1689 annos
550 1670 644 1697 supra
661 1665 803 1697 penetras
819 1661 850 1689 in
866 1666 967 1690 castra
985 1661 1109 1699 Lycaei,

366 1710 461 1739 Ponis
477 1715 507 1739 et
523 1719 541 1738 a
556 1710 709 1739 comitum
726 1715 813 1747 rapta
829 1715 956 1747 tropaea
972 1711 1075 1748 globo.

327 1759 440 1796 Meque
458 1759 588 1788 subinde
604 1768 708 1794 vocas,
724 1768 856 1796 propero
871 1760 944 1788 dum
962 1760 1079 1789 lentius
1095 1765 1188 1796 atque

366 1808 470 1845 Cogor
485 1809 523 1836 ab
540 1808 678 1837 adversis
694 1808 764 1837 vela
780 1807 888 1837 referre
904 1809 1006 1838 Notis.

326 1858 421 1886 Haud
438 1866 529 1886 secus
545 1857 699 1894 accipitris
715 1857 845 1894 pedibus
862 1859 1026 1894 praedatur
1040 1858 1170 1886 aduncis

364 1906 485 1941 Pullus,
502 1906 604 1935 adhue
620 1906 710 1935 nisus
726 1906 799 1934 dum
817 1907 906 1936 docet
922 1916 997 1935 aura
1014 1906 1108 1937 leveS.

325 1955 419 1984 Haud
436 1964 526 1984 secus
542 1955 573 1983 in
591 1955 679 1983 silvis
695 1964 795 1984 errare
811 1955 974 1984 leunculus
990 1955 1093 1990 audet,

365 2005 466 2032 Dente
483 2004 634 2040 petiturus
651 2004 844 2033 rhinocerota
861 2013 953 2039 novo,

324 2053 490 2089 Primaque
506 2053 666 2082 luxurians
682 2053 713 2081 in
731 2053 847 2090 praelia
862 2058 970 2082 taurus
986 2062 1112 2082 arenam

366 2103 491 2139 spargit
507 2108 537 2131 et
553 2103 719 2139 impositas
735 2103 828 2131 iactat
845 2103 876 2130 in
892 2108 976 2131 astra
993 2103 1081 2139 pilas.

1379 205 1439 236 395
