1903 2724
60 390 113 414 ¹40

58 634 111 662 145

62 880 115 908 ¹50

58 1124 109 1152 ¹55

58 1362 111 1388 160

58 1608 109 1642 165

60 1859 114 1886 170

59 2104 111 2133 Ι75

535 200 646 223 {mvn}
673 200 737 223 Wlssl
746 201 762 223 11
772 201 933 224 llClx'BURN.

300 281 475 318 Promptior
490 281 599 310 officiis
615 281 775 310 certaverit
794 282 855 309 ulla
873 292 1022 311 sororum.

298 330 440 366 Cumque
457 331 564 359 eadem
583 330 717 366 ingeniis
734 330 813 368 (sive
831 330 1023 365 indulgentia
1039 332 1124 366 caeli,

300 379 338 407 Et
356 384 465 408 natura
482 379 538 408 loci
556 379 742 408 moderatior
758 379 876 415 excitet,
895 381 997 408 almus

300 429 360 457 Seu
378 433 464 465 pater
480 428 651 465 imparibus
668 429 731 465 pari
749 429 802 457 sed
819 429 1031 458 moderamine
1049 434 1169 458 mentes

303 477 438 506 Dotibus
454 479 593 515 exornet)
611 477 775 514 praeclaris
792 477 881 510 foeta,
901 478 1056 515 Lycaeum

299 525 421 554 Nobilis
438 525 573 554 instituit
590 526 708 555 celebre
726 526 774 554 hic
794 526 964 564 Keythcius
981 527 1072 556 heros

300 575 350 603 Me
367 575 559 611 (11100,(11111111
578 575 720 604 minuent
738 585 799 604 non
817 576 879 604 ulla
898 576 1022 605 silentia
1038 576 1172 610 laudem,

298 623 375 652 Aere
391 625 464 652 dum
483 624 585 653 medio
603 624 702 653 solido
719 624 881 653 libramine
898 625 999 661 tellus}

300 673 416 701 Pendet
432 678 462 702 et
478 674 624 702 Oceanus
642 672 745 702 refluis
762 673 972 702 circumsonat
990 674 1090 702 undis.

297 721 345 750 Tu
363 723 455 750 modo
471 732 588 759 magna
606 723 706 751 Patris
723 722 828 759 magni
846 727 877 751 tu
896 724 922 751 O
940 723 1054 760 inclyta
1073 723 1173 759 proles

299 772 350 800 Sis
367 782 524 809 praesens,
543 773 715 808 pelagoque
732 772 841 800 volens
858 773 897 800 da
913 772 980 800 vela
998 772 1126 808 patenti.

298 821 363 849 Nec
380 821 474 850 decus
490 822 548 850 hoc
564 821 682 858 patiare
697 826 769 850 tuae
785 821 952 858 gentisque
968 821 1142 858 domusque

302 870 377 898 Labi
393 870 476 905 olim,
495 876 548 898 aut
565 869 680 898 samam
699 869 778 898 tristi
796 870 924 907 sepelire
942 869 1038 899 ruina.

300 919 367 947 Hac
385 919 452 954 lege
467 924 622 948 extremas
639 919 677 957 (si
696 919 763 947 laus
780 922 827 953 ea)
846 929 959 947 nomen
978 919 1008 947 in
1025 928 1096 947 01115

299 967 408 996 Latius
425 968 582 1003 extendes,
600 968 722 996 medius
739 978 831 1005 quam
852 970 968 996 l’ontus
984 968 1023 996 ab
1041 967 1113 996 Afro

299 1016 417 1045 Dividit
438 1017 591 1053 Europen,
609 1027 701 1054 quam
719 1017 948 1046 debacchantur
962 1022 991 1046 et
1009 1017 1097 1053 ignes

298 1066 337 1094 Et
354 1066 493 1102 nebulae,
512 1066 629 1094 invidia
646 1066 753 1101 maior,
770 1067 851 1103 quod
869 1067 1001 1103 spondet
1018 1071 1051 1094 ut
1067 1066 1158 1094 annis

298 1114 349 1143 sic
365 1114 469 1151 generi
487 1115 558 1143 laeti
575 1115 719 1152 aspirans
734 1115 899 1144 clementia
916 1115 978 1144 fati.

298 1165 381 1199 Ergo
398 1164 512 1199 gradus
529 1164 617 1201 primi
636 1165 677 1199 hi,
694 1165 792 1201 prima
809 1165 885 1193 haec
902 1165 1084 1193 fundamina
1101 1165 1189 1194 iacta.

300 1213 382 1241 Hinc
400 1212 571 1241 Ionstonus
587 1222 677 1249 opem
695 1212 821 1248 confert,
839 1223 899 1250 quo
916 1223 948 1242 se
965 1213 1087 1250 hospite
1104 1214 1260 1251 Olympus

299 1262 391 1290 Nunc
407 1261 510 1296 iactat,
529 1262 686 1298 quondam
707 1262 834 1291 Pindus.
881 1263 940 1290 Sed
958 1263 1047 1291 tertia
1064 1263 1160 1291 nostri

299 1310 472 1347 Postquam
492 1310 610 1339 Liddeli
629 1311 780 1340 successit
796 1312 910 1346 dextra,
931 1312 1087 1349 Lycaeum
1106 1312 1162 1340 hoc

298 1360 363 1388 Nec
380 1369 476 1393 mora,
494 1360 532 1387 ab
548 1359 660 1397 exigua
676 1361 749 1388 dum
768 1360 866 1397 surgit
882 1360 1010 1397 origine,
1026 1360 1147 1389 caelum

297 1408 421 1445 Tanget
437 1414 466 1437 et
482 1409 638 1437 excelsum
656 1414 748 1446 caput
765 1409 844 1437 inter
860 1409 965 1437 nubila
981 1410 1100 1438 condet.

299 1457 391 1485 Haud
409 1467 498 1486 secus
515 1457 652 1486 Aurorae
667 1467 738 1486 cum
756 1457 817 1486 iam
835 1463 928 1494 caput
945 1458 1040 1486 enitet
1058 1458 1160 1492 undis,

297 1507 376 1535 Aera
393 1516 444 1544 per
459 1517 592 1535 vacuum
610 1507 759 1543 paulatim
777 1516 941 1543 assurgere
958 1507 987 1535 in
1005 1517 1097 1535 auras

299 1556 412 1590 Prima,
431 1556 484 1584 sed
501 1555 656 1593 ambigue,
675 1556 726 1584 lux
742 1555 858 1592 incipit,
877 1556 947 1584 inde
964 1566 1016 1593 per
1032 1566 1102 1585 oras

299 1605 470 1642 Hesperias
486 1604 600 1633 diffusa
616 1605 696 1633 diem
715 1605 897 1634 mortalibus
914 1605 1028 1634 almam

299 1654 446 1682 Restituit
463 1654 523 1682 iam
540 1654 622 1682 clara
639 1654 758 1691 magis:
784 1663 889 1682 verum
907 1655 1001 1683 ardua
1017 1655 1091 1683 caeli

300 1703 378 1731 Cum
397 1703 493 1731 latera
508 1702 654 1732 aethereo
670 1702 764 1731 Titan
781 1703 996 1732 conscenderit
1011 1713 1078 1738 axe,

298 1752 366 1790 Qua
383 1756 466 1788 patet
483 1751 673 1780 immensum
691 1752 879 1780 nitidissima
895 1752 1046 1789 conspicit
1062 1753 1176 1782 orbem.

299 1801 429 1829 Munere
445 1801 559 1829 donata
575 1801 632 1829 1100
649 1800 825 1829 Abredonia
841 1800 948 1830 funera
964 1801 1041 1830 civis

300 1849 424 1878 Maesta
441 1849 488 1877 sui
505 1849 734 1887 lachrymisque
751 1849 810 1887 piis
827 1850 1011 1887 miserisque
1027 1851 1159 1888 querelis

298 1899 507 1935 Prosequitur,
524 1899 687 1936 verbisque
704 1899 810 1936 nequit
827 1909 906 1936 quos
922 1900 1031 1928 addere
1048 1900 1182 1929 honores

298 1948 342 1976 Re
359 1948 507 1981 cumulat,
524 1948 634 1985 lugent
651 1948 771 1981 Musae,
788 1953 817 1976 et
834 1949 941 1977 schola
957 1958 1096 1977 consona
1115 1949 1217 1977 Musis

296 1997 405 2025 Atrata
421 1996 542 2032 incedit,
561 2002 646 2034 pater
661 1997 733 2025 altis
749 1997 919 2034 Grampius
936 1997 1003 2034 ipse

302 2046 342 2074 Se
359 2045 441 2074 luctu
458 2045 616 2074 exsatians
632 2046 756 2074 nivibus
772 2052 862 2082 caput
878 2046 1034 2075 obvelavit
1050 2056 1054 2074 :

300 2095 339 2123 Et
357 2095 422 2123 Dea
439 2095 599 2131 languenti
617 2105 784 2132 prorepens
801 2095 922 2131 gurgite
938 2095 1043 2123 tristes

298 2143 423 2173 Abdidit
440 2143 470 2172 in
487 2143 577 2172 tectis
593 2144 748 2173 latebroso
764 2154 799 2173 ex
817 2143 938 2182 pumice
957 2144 1131 2182 Nymphas.

1355 197 1413 234 ³67
