1883 2730
472 547 507 566 10

471 790 504 818 Ι5

469 1032 506 1052 20

469 1278 504 1306 25

468 1523 506 1549 30

472 1766 508 1795 35

472 2012 510 2036 40

849 210 947 235 MUSA
973 209 1113 234 LATINA
1137 209 1431 233 ABERDONENffis.

710 291 811 327 Aegra
828 290 871 318 tui
888 289 1039 318 desiderio
1055 289 1128 317 dum
1146 294 1269 326 pectora
1285 289 1420 318 tundunt

752 338 928 373 Pontifices,
946 347 1096 375 proceres,
1115 338 1211 375 plebs,
1228 338 1367 366 studiosa
1384 338 1506 372 cohow,

711 388 876 418 Forbesiae
893 387 999 416 florem
1017 387 1120 423 gentis
1136 387 1285 416 cecidisse
1301 392 1479 424 queruntur,

751 439 835 475 (Quo
852 447 884 466 se
900 437 1034 465 iactabat
1050 436 1166 473 sospite
1183 442 1289 464 nostra
1306 436 1433 474 domus)

712 487 832 521 Regum
849 485 1024 519 consilium,
1042 485 1148 521 magni
1165 485 1347 514 occubuisse
1363 490 1491 513 senatus

754 535 930 571 Ingenium,
950 533 1072 562 Patriae
1088 533 1277 570 deliciasque
1295 543 1386 562 suae:

710 584 859 612 Orbatum
877 589 999 620 pastore
1016 592 1151 619 gregem,
1169 583 1381 611 moderamine
1398 587 1527 620 ruystaS,

754 632 955 661 Fulmineum
973 631 1055 660 verbi
1072 631 1262 660 conticuisse
1279 631 1379 660 melos
1395 643 1400 666 3

711 680 916 710 Instauratori
933 680 1109 718 lachrymas
1125 680 1293 708 Academia
1309 680 1425 716 pendit,

752 729 922 765 Singultim
939 728 1064 765 tragicis
1080 728 1247 758 vociferata
1263 729 1374 763 modis,

712 779 778 807 Iam
798 778 900 807 Musis
918 778 1088 811 Phoebum,
1107 777 1218 806 studiis
1235 777 1295 806 iam
1313 778 1403 806 desse
1421 782 1596 814 patronum,

751 827 943 856 Praesidium
961 826 1096 863 templis,
1113 826 1360 863 pauperibusque
1378 831 1495 862 patrem
1511 834 1517 859 ;

712 875 844 912 Pulpita,
863 885 954 912 saepe
971 875 1033 903 tuis
1050 874 1182 903 facundo
1198 885 1233 904 ex
1249 884 1299 904 ore
1317 884 1429 903 sonora

750 924 897 958 Vocibus,
914 929 979 952 atra
995 929 1142 959 gemunt;
1167 923 1303 959 compita
1320 924 1422 951 lessus
1437 922 1519 955 obit;

712 972 922 1001 Flammiferis
938 982 1028 1000 auras
1045 973 1163 1000 urbana
1179 972 1316 1000 tonitrua
1331 971 1454 1000 bombis

751 1021 944 1055 Aecendunt,
961 1021 1064 1057 populi
1083 1021 1181 1049 sidera
1198 1021 1301 1057 pulsat
1317 1030 1424 1053 amor;

713 1071 798 1099 Haec
815 1075 917 1098 autem
936 1070 1073 1098 lamenta
1091 1069 1170 1098 inter
1185 1075 1230 1098 tot
1247 1070 1368 1106 publica
1386 1078 1479 1098 nemo
1495 1074 1543 1097 est

749 1119 809 1156 Qui
827 1119 892 1147 tibi.
910 1119 961 1147 sed
979 1118 1095 1155 patriae
1112 1119 1243 1155 quisque
1259 1118 1380 1154 sibique
1396 1118 1488 1147 dolet.

713 1168 770 1207 (Te
788 1167 908 1204 superis
924 1167 1038 1196 etenim
1055 1167 1260 1196 concentibus
1276 1177 1369 1196 aurea
1386 1167 1463 1196 caeli

752 1218 849 1254 Regia
866 1223 1046 1254 susceptum
1064 1217 1141 1245 lucis
1158 1217 1186 1245 in
1204 1226 1273 1246 arce
1290 1218 1382 1255 beat.)

709 1266 799 1295 Talia
815 1266 951 1295 cernenti
969 1275 1047 1302 quae
1063 1275 1153 1294 mens
1169 1266 1268 1294 mihi?
1314 1266 1393 1303 Quis
1411 1265 1492 1303 potis
1508 1274 1578 1294 esse

752 1315 894 1344 Sensus?
920 1316 992 1343 dum
1011 1316 1101 1343 robur
1118 1315 1258 1352 pectoriS,
1275 1325 1338 1350 ora,
1355 1325 1480 1349 mamis,

710 1365 876 1393 Doctrinae
892 1370 922 1392 et
939 1373 1059 1392 morum
1077 1369 1191 1398 nectar,
1209 1365 1259 1401 pia
1276 1370 1347 1393 vota
1365 1364 1514 1398 recordor,

752 1413 948 1449 Mortemque
965 1413 1091 1441 heroam
1108 1423 1162 1442 ceu
1181 1413 1354 1449 patriarcha
1371 1412 1462 1447 fores,

712 1462 943 1497 Exanimesque
959 1462 1067 1489 oculos
1083 1461 1190 1497 digitis
1205 1471 1391 1498 componere
1409 1460 1524 1490 nostris

752 1511 795 1540 Ut
812 1511 898 1544 mihi,
915 1516 944 1538 et
961 1510 1099 1546 exequiis
1116 1511 1234 1539 solvere
1252 1511 1333 1538 iusta
1349 1511 1468 1544 datum,

711 1559 792 1598 Quid
810 1564 947 1587 moestae
963 1564 1104 1595 superest
1122 1559 1196 1595 proli
1213 1559 1354 1595 carisque
1371 1557 1576 1596 propinquis?

752 1608 833 1646 Quid
851 1607 964 1636 saciant
982 1608 1064 1636 luctu
1082 1614 1204 1644 pectora
1221 1617 1327 1645 pressa
1344 1607 1453 1643 gravi?

712 1657 832 1694 Nempe
852 1657 951 1684 Patris
968 1657 1082 1684 summi
1100 1657 1263 1693 praeconia
1280 1663 1422 1693 praepete
1438 1661 1530 1685 cantu

758 1707 800 1735 Ut
816 1706 980 1739 celebrent,
997 1716 1014 1733 a
1030 1715 1090 1742 quo
1108 1711 1194 1734 tanta
1211 1705 1294 1734 fuere
1312 1707 1402 1735 bona.

714 1755 773 1794 Qui
792 1755 907 1783 maiora
924 1755 1016 1789 dabit,
1034 1764 1103 1782 cum
1120 1756 1248 1791 clangor
1263 1756 1301 1783 ab
1316 1755 1454 1784 aetheris
1470 1764 1524 1782 axe

755 1804 848 1832 Eruet
865 1813 901 1832 ex
918 1803 990 1831 imis
1005 1813 1077 1831 ossa
1095 1804 1217 1840 sepulta
1235 1804 1320 1838 locis,

715 1853 933 1889 Restituetque
949 1852 1073 1880 animae
1089 1861 1211 1889 corpus,
1229 1858 1375 1889 totusque
1391 1851 1522 1880 micabis

755 1902 922 1930 Aeternum
939 1901 1054 1929 aeterni
1072 1901 1147 1929 solis
1163 1902 1202 1929 ab
1217 1902 1289 1930 orbe
1306 1901 1401 1929 iubar.

716 1950 755 1978 lit
772 1950 884 1986 pariles
899 1954 1020 1978 tentent
1037 1959 1175 1985 gressus,
1193 1950 1305 1986 quibus
1322 1950 1382 1978 itur
1397 1950 1434 1978 ad
1451 1954 1545 1977 astra.

757 1999 843 2027 Haec
860 2007 917 2026 nos
934 2003 1111 2027 sanctorum
1129 1997 1192 2026 sata
1209 2008 1353 2035 suprema
1369 1999 1490 2026 docent.

715 2047 760 2076 Te
778 2047 864 2076 Deus
879 2052 951 2076 ante
967 2047 1050 2076 dedit
1067 2047 1164 2081 terris,
1183 2057 1264 2076 nunc
1281 2047 1385 2075 intulit
1401 2047 1505 2075 astris.

755 2097 869 2125 Dicant
886 2101 974 2131 terra,
993 2097 1098 2133 polus:
1124 2097 1191 2124 laus
1209 2097 1275 2125 sine
1293 2095 1353 2125 fine
1372 2096 1446 2125 Deo.

718 2145 886 2174 Instabiles
904 2146 960 2173 sub
977 2146 1041 2174 sole
1058 2145 1140 2174 vices
1157 2145 1347 2182 fugitivaque
1365 2154 1463 2174 rerum
