1883 2730
452 209 511 246 176

450 748 483 768 10

449 992 482 1021 15

511 1713 538 1728 12

510 1754 537 1775 15

832 217 930 241 MUSA
956 217 1094 241 LATINA
1119 216 1414 241 ABERDONENSIS.

652 295 795 324 Edictum
813 296 869 334 (sic
885 296 968 325 fama
984 295 1085 334 refert)
1104 306 1142 325 ne
1159 301 1278 334 praeter
1293 296 1434 332 Apellem

692 345 805 374 Pellaei
823 345 987 382 quisquam
1005 346 1145 383 pingeret
1161 355 1213 374 ora
1231 345 1326 374 ducis.

649 393 727 432 Quis
743 394 854 423 Carolo
871 404 925 431 par
940 404 1008 423 esse
1025 394 1160 423 author?
1184 404 1261 430 quae
1279 392 1403 430 penna?
1428 393 1498 430 quis
1514 394 1605 422 ardor

692 443 857 472 Entheus?
883 444 1054 481 ingenium,
1073 444 1259 472 iudiciumve
1277 443 1375 472 foret?

651 493 798 522 Kennede
815 493 844 521 ni
863 503 914 530 per
930 498 958 522 te
975 493 1101 522 redivivi
1120 493 1211 522 Musa
1229 493 1368 521 Maronis

691 542 800 571 Dicere
816 543 865 571 det
882 542 1027 570 Carolum
1045 542 1195 570 nobiliore
1211 543 1292 572 tubat.

651 591 743 620 Felici
760 591 885 620 Aeneae
900 591 1023 620 deduxit
1039 591 1176 620 carmine
1192 596 1281 627 gesta

691 641 755 669 Rex
771 646 890 674 vatum,
907 640 1062 668 Aonidum
1080 640 1266 676 deliciaeque
1284 640 1380 670 Maro.

652 690 694 719 Ut
711 689 811 717 Caroli
829 694 952 718 resonet
968 689 1104 718 redivivo
1121 689 1241 725 pectine
1258 689 1376 722 laudes,

689 739 849 767 Constans
865 743 894 766 te
911 738 940 766 in
958 747 1070 773 regem,
1091 738 1249 772 Kennede,
1267 737 1366 766 suasit
1385 747 1481 767 amor.

650 787 740 816 Nube
757 787 845 815 Maro
861 787 998 815 Aeneam
1018 787 1151 815 Didonis
1167 787 1241 815 texit
1259 787 1289 814 in
1306 786 1377 821 oris,

690 836 783 864 Iliceo
799 845 882 863 ramo
900 840 932 863 tu
949 836 1158 872 Carolumque
1175 835 1266 872 tegis.

648 884 785 913 Aeneam
803 884 940 920 genetrix
958 885 1078 912 salvum
1096 894 1148 921 per
1164 885 1224 913 tela
1241 894 1292 921 per
1309 885 1418 913 hostes

691 934 858 967 Praestitit,
875 939 904 962 et
922 934 1067 962 Carolum
1085 934 1137 962 sed
1155 935 1245 969 mage
1260 939 1346 962 casta
1364 934 1478 963 Venus.

650 983 754 1019 thue
773 983 860 1011 Maro
876 982 998 1017 cecinit,
1015 983 1190 1011 cunctando
1206 983 1325 1011 restitui
1343 992 1416 1017 rem,

690 1031 836 1060 Restituit
854 1031 954 1060 Caroli
972 1041 1035 1060 rem
1054 1033 1144 1067 mage
1162 1031 1264 1060 fausta
1285 1041 1380 1061 mora.

649 1081 708 1120 Qui
727 1081 859 1118 primum
878 1086 910 1109 ut
927 1086 1064 1109 nostram
1083 1087 1128 1109 ter
1143 1080 1213 1110 felix
1230 1081 1333 1117 attigit
1349 1091 1446 1116 oram,

689 1131 906 1167 Exceptusque
922 1140 1008 1158 armo
1025 1130 1289 1167 quadrupedantis
1305 1130 1385 1166 equi,

649 1181 688 1208 Se
706 1179 830 1213 victam,
848 1179 1008 1216 victosque
1024 1180 1127 1213 duces,
1145 1179 1304 1216 victosque
1321 1179 1506 1216 triumph05‚

689 1229 821 1265 Saepius
837 1228 968 1257 indoluit
986 1228 1099 1256 Martia
1115 1228 1213 1256 Roma
1232 1238 1324 1262 suos;

646 1280 749 1316 Quum
767 1278 838 1306 veri>
856 1278 978 1306 Aeneae
995 1278 1103 1306 melior
1120 1277 1252 1306 Lavinia
1270 1283 1377 1306 nostro

687 1327 834 1360 cesserit,
854 1326 1061 1363 Hesperidum
1081 1326 1314 1364 Lusiadumque
1334 1327 1437 1356 decus.

648 1377 793 1404 Kennede
809 1382 838 1404 te
855 1376 883 1403 in
902 1375 991 1404 fastis
1006 1377 1202 1404 cumulamus
1218 1381 1290 1405 vota
1307 1382 1480 1412 sequentes,

688 1425 836 1460 Figentes
853 1425 948 1453 sacris
964 1425 1020 1453 hoe
1037 1425 1204 1454 anathema
1221 1425 1324 1453 tholis.

648 1474 752 1502 Victor
767 1480 839 1508 agat
856 1474 996 1508 Carolus,
1014 1474 1121 1502 victrix
1138 1474 1307 1502 Catheriua
1324 1474 1454 1511 iugales,

690 1523 727 1552 Et
745 1523 903 1551 cumulent
921 1522 1026 1556 sestOS,
1044 1523 1095 1551 sed
1114 1522 1180 1551 sine
1197 1524 1287 1556 nube,
1305 1523 1379 1552 dies.

649 1573 691 1602 Ut
708 1572 817 1605 bonus,
835 1576 863 1600 et
881 1571 991 1605 iustus,
1009 1581 1152 1608 magnus,
1169 1571 1337 1608 calvusque
1355 1578 1486 1605 notetur,

688 1621 727 1649 Et
745 1620 856 1648 Carolo
873 1620 1001 1648 Carolos
1017 1620 1067 1648 det
1084 1620 1251 1648 Catherina
1268 1630 1364 1657 parer».

542 1723 546 1728 .
566 1705 621 1728 The
634 1704 721 1735 hiding
735 1704 758 1727 in
773 1704 814 1727 the
827 1703 874 1727 oak
888 1709 938 1727 trec
951 1704 1013 1727 aster
1027 1704 1069 1727 the
1083 1703 1161 1728 battle
1174 1704 1203 1727 of
1213 1704 1366 1728 Worcester.

541 1764 546 1769 .
567 1745 668 1773 Acueid,
681 1745 712 1769 vi.
731 1746 786 1775 847.

509 1794 546 1816 27.
565 1786 606 1810 im.
626 1787 687 1809 Live
701 1790 727 1809 to
739 1793 754 1809 a
766 1785 824 1809 bald
837 1785 879 1808 old
893 1793 949 1816 age.

508 1835 537 1857 27

542 1846 546 1850 .
567 1828 591 1850 Is
603 1827 654 1850 this
666 1835 697 1851 an
711 1827 774 1851 echo
788 1827 816 1849 os
826 1826 972 1850 Lovelace?

831 1890 916 1913 When
932 1890 940 1912 1
955 1889 1019 1912 shall
1032 1889 1103 1912 voice
1116 1888 1191 1912 aloud
1211 1889 1268 1913 how
1280 1889 1346 1919 good

834 1931 874 1954 He
888 1931 916 1959 is,
931 1931 986 1953 how
997 1933 1071 1961 grca!
1085 1930 1176 1953 should
1189 1930 1229 1953 be.

958 1988 992 2011 To
1011 1987 1103 2011 Althca
1115 1987 1183 2018 from
1204 1987 1301 2011 Prisnn.
