<?xml version="1.0" encoding="UTF-8"?>
<!DOCTYPE html PUBLIC "-//W3C//DTD XHTML 1.0 Transitional//EN"
    "http://www.w3.org/TR/xhtml1/DTD/xhtml1-transitional.dtd">
<html xmlns="http://www.w3.org/1999/xhtml" xml:lang="en" lang="en">
 <head>
  <title>
</title>
<meta http-equiv="Content-Type" content="text/html;charset=utf-8" />
  <meta name='ocr-system' content='tesseract 3.04.00' />
  <meta name='ocr-capabilities' content='ocr_page ocr_carea ocr_par ocr_line ocrx_word'/>
</head>
<body>
  <div class='ocr_page' id='page_1' title='image "./musalatinaaberdo03gedduoft_0444.png"; bbox 0 0 1883 2730; ppageno 0'>
   <div class='ocr_carea' id='block_1_1' title="bbox 447 199 1409 234">
    <p class='ocr_par' dir='ltr' id='par_1_1' title="bbox 447 199 1409 234">
     <span class='ocr_line' id='line_1_1' title="bbox 447 199 1409 234; baseline -0.003 -9"><span class='ocrx_word' id='word_1_1' title='bbox 447 203 510 234; x_wconf 81' lang='lat'>394</span> <span class='ocrx_word' id='word_1_2' title='bbox 847 201 941 226; x_wconf 65' lang='lat' dir='ltr'>MUSA</span> <span class='ocrx_word' id='word_1_3' title='bbox 968 201 1104 224; x_wconf 71' lang='lat' dir='ltr'>LATINA</span> <span class='ocrx_word' id='word_1_4' title='bbox 1131 199 1409 224; x_wconf 65' lang='lat' dir='ltr'>ABERDONENSIS.</span> 
     </span>
    </p>
   </div>
   <div class='ocr_carea' id='block_1_2' title="bbox 540 279 1695 367">
    <p class='ocr_par' dir='ltr' id='par_1_2' title="bbox 540 279 1695 367">
     <span class='ocr_line' id='line_1_2' title="bbox 540 279 1695 324; baseline -0.003 -10"><span class='ocrx_word' id='word_1_5' title='bbox 540 283 578 314; x_wconf 92' lang='lat' dir='ltr'>V.</span> <span class='ocrx_word' id='word_1_6' title='bbox 605 283 806 315; x_wconf 82' lang='lat' dir='ltr'>ARTURO</span> <span class='ocrx_word' id='word_1_7' title='bbox 830 282 1082 324; x_wconf 86' lang='lat' dir='ltr'>JONSTONO</span> <span class='ocrx_word' id='word_1_8' title='bbox 1110 282 1196 312; x_wconf 80' lang='lat' dir='ltr'>MD.</span> <span class='ocrx_word' id='word_1_9' title='bbox 1224 280 1512 313; x_wconf 86' lang='lat' dir='ltr'>RESPONDET</span> <span class='ocrx_word' id='word_1_10' title='bbox 1539 279 1695 311; x_wconf 80' lang='lat' dir='ltr'><strong>DAVID</strong></span> 
     </span>
     <span class='ocr_line' id='line_1_3' title="bbox 916 334 1337 367; baseline -0.002 0"><span class='ocrx_word' id='word_1_11' title='bbox 916 334 1337 367; x_wconf 81' lang='lat' dir='ltr'>WEDDERBURNUS.</span> 
     </span>
    </p>
   </div>
   <div class='ocr_carea' id='block_1_3' title="bbox 662 409 1588 508">
    <p class='ocr_par' dir='ltr' id='par_1_3' title="bbox 662 409 1588 508">
     <span class='ocr_line' id='line_1_4' title="bbox 817 409 1432 442; baseline -0.005 -7"><span class='ocrx_word' id='word_1_12' title='bbox 817 411 942 442; x_wconf 66' lang='lat' dir='ltr'>[Dclitiae</span> <span class='ocrx_word' id='word_1_13' title='bbox 960 412 1095 435; x_wconf 76' lang='lat' dir='ltr'>Poetarum</span> <span class='ocrx_word' id='word_1_14' title='bbox 1115 411 1256 438; x_wconf 61' lang='lat' dir='ltr'>Scotorum,</span> <span class='ocrx_word' id='word_1_15' title='bbox 1275 409 1300 433; x_wconf 82' lang='lat' dir='ltr'>ii.</span> <span class='ocrx_word' id='word_1_16' title='bbox 1319 410 1432 440; x_wconf 79' lang='lat'>569-73.]</span> 
     </span>
     <span class='ocr_line' id='line_1_5' title="bbox 662 473 1588 508; baseline -0.004 -7"><span class='ocrx_word' id='word_1_17' title='bbox 662 477 808 508; x_wconf 67' lang='lat' dir='ltr'>[Poetarum</span> <span class='ocrx_word' id='word_1_18' title='bbox 827 478 957 501; x_wconf 80' lang='lat' dir='ltr'><em>Scotorum</em></span> <span class='ocrx_word' id='word_1_19' title='bbox 977 477 1069 500; x_wconf 78' lang='lat' dir='ltr'>Musae</span> <span class='ocrx_word' id='word_1_20' title='bbox 1087 476 1191 504; x_wconf 69' lang='lat' dir='ltr'>Sacrae,</span> <span class='ocrx_word' id='word_1_21' title='bbox 1210 475 1301 498; x_wconf 74' lang='lat' dir='ltr'>Edinb.</span> <span class='ocrx_word' id='word_1_22' title='bbox 1323 482 1392 504; x_wconf 81' lang='lat'>1739,</span> <span class='ocrx_word' id='word_1_23' title='bbox 1411 474 1426 498; x_wconf 85' lang='lat' dir='ltr'>i.</span> <span class='ocrx_word' id='word_1_24' title='bbox 1446 482 1470 505; x_wconf 81' lang='lat' dir='ltr'>p.</span> <span class='ocrx_word' id='word_1_25' title='bbox 1488 473 1588 504; x_wconf 78' lang='lat' dir='ltr'>xlii.-v.]</span> 
     </span>
    </p>
   </div>
   <div class='ocr_carea' id='block_1_4' title="bbox 446 541 1610 2191">
    <p class='ocr_par' dir='ltr' id='par_1_4' title="bbox 446 541 1610 2191">
     <span class='ocr_line' id='line_1_6' title="bbox 691 541 1538 579; baseline -0.005 -8"><span class='ocrx_word' id='word_1_26' title='bbox 691 543 760 570; x_wconf 86' lang='lat' dir='ltr'>Has</span> <span class='ocrx_word' id='word_1_27' title='bbox 775 552 833 579; x_wconf 81' lang='lat' dir='ltr'>ego</span> <span class='ocrx_word' id='word_1_28' title='bbox 849 552 940 571; x_wconf 88' lang='lat' dir='ltr'>cerno</span> <span class='ocrx_word' id='word_1_29' title='bbox 956 542 1054 577; x_wconf 74' lang='lat' dir='ltr'>nives,</span> <span class='ocrx_word' id='word_1_30' title='bbox 1071 550 1162 570; x_wconf 88' lang='lat' dir='ltr'>cerno</span> <span class='ocrx_word' id='word_1_31' title='bbox 1180 541 1341 574; x_wconf 82' lang='lat' dir='ltr'>Ionstone,</span> <span class='ocrx_word' id='word_1_32' title='bbox 1358 548 1538 577; x_wconf 83' lang='lat' dir='ltr'>querorque,</span> 
     </span>
     <span class='ocr_line' id='line_1_7' title="bbox 732 589 1483 628; baseline -0.005 -8"><span class='ocrx_word' id='word_1_33' title='bbox 732 591 772 620; x_wconf 89' lang='lat' dir='ltr'>Et</span> <span class='ocrx_word' id='word_1_34' title='bbox 790 591 872 619; x_wconf 83' lang='lat' dir='ltr'>nivis</span> <span class='ocrx_word' id='word_1_35' title='bbox 888 591 947 620; x_wconf 85' lang='lat' dir='ltr'>heu</span> <span class='ocrx_word' id='word_1_36' title='bbox 965 591 1118 628; x_wconf 79' lang='lat' dir='ltr'>lacrymae</span> <span class='ocrx_word' id='word_1_37' title='bbox 1135 599 1219 618; x_wconf 85' lang='lat' dir='ltr'>more</span> <span class='ocrx_word' id='word_1_38' title='bbox 1236 589 1384 626; x_wconf 86' lang='lat' dir='ltr'>liquentis</span> <span class='ocrx_word' id='word_1_39' title='bbox 1400 593 1483 617; x_wconf 86' lang='lat' dir='ltr'>eunt.</span> 
     </span>
     <span class='ocr_line' id='line_1_8' title="bbox 690 637 1472 677; baseline -0.004 -8"><span class='ocrx_word' id='word_1_40' title='bbox 690 640 836 677; x_wconf 87' lang='lat' dir='ltr'><strong>Dumque</strong></span> <span class='ocrx_word' id='word_1_41' title='bbox 852 645 932 669; x_wconf 86' lang='lat' dir='ltr'>retro</span> <span class='ocrx_word' id='word_1_42' title='bbox 949 646 1054 676; x_wconf 85' lang='lat' dir='ltr'>specto</span> <span class='ocrx_word' id='word_1_43' title='bbox 1071 639 1207 668; x_wconf 85' lang='lat' dir='ltr'>melioris</span> <span class='ocrx_word' id='word_1_44' title='bbox 1224 643 1364 675; x_wconf 85' lang='lat' dir='ltr'>tempora</span> <span class='ocrx_word' id='word_1_45' title='bbox 1379 637 1472 672; x_wconf 86' lang='lat' dir='ltr'>vitae,</span> 
     </span>
     <span class='ocr_line' id='line_1_9' title="bbox 731 687 1450 727; baseline -0.004 -10"><span class='ocrx_word' id='word_1_46' title='bbox 731 690 879 727; x_wconf 75' lang='lat' dir='ltr'>Quaeque</span> <span class='ocrx_word' id='word_1_47' title='bbox 895 687 996 717; x_wconf 84' lang='lat' dir='ltr'>ferunt</span> <span class='ocrx_word' id='word_1_48' title='bbox 1013 688 1087 716; x_wconf 86' lang='lat' dir='ltr'>anni</span> <span class='ocrx_word' id='word_1_49' title='bbox 1105 687 1217 723; x_wconf 77' lang='lat' dir='ltr'>gaudia</span> <span class='ocrx_word' id='word_1_50' title='bbox 1235 687 1333 724; x_wconf 87' lang='lat' dir='ltr'>prima</span> <span class='ocrx_word' id='word_1_51' title='bbox 1350 687 1450 718; x_wconf 87' lang='lat' dir='ltr'>rudes,</span> 
     </span>
     <span class='ocr_line' id='line_1_10' title="bbox 446 735 1398 777; baseline -0.004 -10"><span class='ocrx_word' id='word_1_52' title='bbox 446 750 461 777; x_wconf 84' lang='lat'><strong>5</strong></span> <span class='ocrx_word' id='word_1_53' title='bbox 691 737 819 771; x_wconf 79' lang='lat' dir='ltr'>Deficio,</span> <span class='ocrx_word' id='word_1_54' title='bbox 839 746 1052 774; x_wconf 83' lang='lat' dir='ltr'>quaerensque</span> <span class='ocrx_word' id='word_1_55' title='bbox 1068 736 1130 765; x_wconf 89' lang='lat' dir='ltr'>tuis</span> <span class='ocrx_word' id='word_1_56' title='bbox 1147 736 1301 765; x_wconf 86' lang='lat' dir='ltr'>solamina</span> <span class='ocrx_word' id='word_1_57' title='bbox 1317 735 1398 764; x_wconf 89' lang='lat' dir='ltr'>curis</span> 
     </span>
     <span class='ocr_line' id='line_1_11' title="bbox 731 785 1452 823; baseline -0.004 -8"><span class='ocrx_word' id='word_1_58' title='bbox 731 787 884 823; x_wconf 74' lang='lat' dir='ltr'>ImpHcor,</span> <span class='ocrx_word' id='word_1_59' title='bbox 902 796 941 814; x_wconf 91' lang='lat' dir='ltr'>an</span> <span class='ocrx_word' id='word_1_60' title='bbox 959 786 1067 814; x_wconf 86' lang='lat' dir='ltr'>sileam</span> <span class='ocrx_word' id='word_1_61' title='bbox 1085 785 1220 818; x_wconf 83' lang='lat' dir='ltr'>nescius,</span> <span class='ocrx_word' id='word_1_62' title='bbox 1237 794 1319 813; x_wconf 85' lang='lat' dir='ltr'>anne</span> <span class='ocrx_word' id='word_1_63' title='bbox 1335 785 1452 821; x_wconf 85' lang='lat' dir='ltr'>loquar.</span> 
     </span>
     <span class='ocr_line' id='line_1_12' title="bbox 690 831 1551 872; baseline -0.005 -8"><span class='ocrx_word' id='word_1_64' title='bbox 690 836 780 864; x_wconf 86' lang='lat' dir='ltr'>Heu!</span> <span class='ocrx_word' id='word_1_65' title='bbox 806 835 867 870; x_wconf 89' lang='lat' dir='ltr'>ubi,</span> <span class='ocrx_word' id='word_1_66' title='bbox 885 844 963 872; x_wconf 85' lang='lat' dir='ltr'>quae</span> <span class='ocrx_word' id='word_1_67' title='bbox 980 834 1069 863; x_wconf 88' lang='lat' dir='ltr'>nobis</span> <span class='ocrx_word' id='word_1_68' title='bbox 1086 834 1242 871; x_wconf 85' lang='lat' dir='ltr'>quondam</span> <span class='ocrx_word' id='word_1_69' title='bbox 1261 832 1443 862; x_wconf 85' lang='lat' dir='ltr'>florentibus</span> <span class='ocrx_word' id='word_1_70' title='bbox 1459 831 1551 860; x_wconf 88' lang='lat' dir='ltr'>annis</span> 
     </span>
     <span class='ocr_line' id='line_1_13' title="bbox 729 882 1341 918; baseline -0.005 -5"><span class='ocrx_word' id='word_1_71' title='bbox 729 885 812 918; x_wconf 79' lang='lat' dir='ltr'>Otia,</span> <span class='ocrx_word' id='word_1_72' title='bbox 829 884 910 913; x_wconf 88' lang='lat' dir='ltr'>veris</span> <span class='ocrx_word' id='word_1_73' title='bbox 927 884 977 912; x_wconf 92' lang='lat' dir='ltr'>ubi</span> <span class='ocrx_word' id='word_1_74' title='bbox 995 883 1135 912; x_wconf 87' lang='lat' dir='ltr'>blandior</span> <span class='ocrx_word' id='word_1_75' title='bbox 1151 893 1225 911; x_wconf 74' lang='lat' dir='ltr'>aura</span> <span class='ocrx_word' id='word_1_76' title='bbox 1243 882 1314 911; x_wconf 88' lang='lat' dir='ltr'>novi</span> <span class='ocrx_word' id='word_1_77' title='bbox 1330 882 1341 910; x_wconf 92' lang='lat'>?</span> 
     </span>
     <span class='ocr_line' id='line_1_14' title="bbox 690 931 1505 968; baseline -0.004 -6"><span class='ocrx_word' id='word_1_78' title='bbox 690 934 801 963; x_wconf 82' lang='lat' dir='ltr'>Vivida</span> <span class='ocrx_word' id='word_1_79' title='bbox 818 943 899 962; x_wconf 89' lang='lat' dir='ltr'>nunc</span> <span class='ocrx_word' id='word_1_80' title='bbox 916 933 966 961; x_wconf 89' lang='lat' dir='ltr'>ubi</span> <span class='ocrx_word' id='word_1_81' title='bbox 984 933 1030 961; x_wconf 88' lang='lat' dir='ltr'>vis</span> <span class='ocrx_word' id='word_1_82' title='bbox 1047 932 1143 960; x_wconf 88' lang='lat' dir='ltr'>animi</span> <span class='ocrx_word' id='word_1_83' title='bbox 1160 931 1170 960; x_wconf 87' lang='lat'>?</span> <span class='ocrx_word' id='word_1_84' title='bbox 1195 941 1288 968; x_wconf 87' lang='lat' dir='ltr'>quarn</span> <span class='ocrx_word' id='word_1_85' title='bbox 1307 931 1401 960; x_wconf 89' lang='lat' dir='ltr'>serior</span> <span class='ocrx_word' id='word_1_86' title='bbox 1416 935 1505 959; x_wconf 80' lang='lat' dir='ltr'>aetas</span> 
     </span>
     <span class='ocr_line' id='line_1_15' title="bbox 451 980 1402 1020; baseline -0.006 -6"><span class='ocrx_word' id='word_1_87' title='bbox 451 996 484 1014; x_wconf 88' lang='lat'>10</span> <span class='ocrx_word' id='word_1_88' title='bbox 732 983 839 1020; x_wconf 82' lang='lat' dir='ltr'>Usque</span> <span class='ocrx_word' id='word_1_89' title='bbox 857 982 909 1010; x_wconf 83' lang='lat' dir='ltr'>tibi</span> <span class='ocrx_word' id='word_1_90' title='bbox 926 986 1056 1018; x_wconf 88' lang='lat' dir='ltr'>reparat,</span> <span class='ocrx_word' id='word_1_91' title='bbox 1073 981 1182 1010; x_wconf 85' lang='lat' dir='ltr'>deterit</span> <span class='ocrx_word' id='word_1_92' title='bbox 1201 990 1299 1017; x_wconf 90' lang='lat' dir='ltr'>usque</span> <span class='ocrx_word' id='word_1_93' title='bbox 1316 980 1402 1009; x_wconf 88' lang='lat' dir='ltr'>mihi.</span> 
     </span>
     <span class='ocr_line' id='line_1_16' title="bbox 690 1028 1587 1068; baseline -0.004 -8"><span class='ocrx_word' id='word_1_94' title='bbox 690 1032 749 1060; x_wconf 82' lang='lat' dir='ltr'>Sed</span> <span class='ocrx_word' id='word_1_95' title='bbox 768 1041 866 1068; x_wconf 87' lang='lat' dir='ltr'>neque</span> <span class='ocrx_word' id='word_1_96' title='bbox 881 1040 977 1059; x_wconf 75' lang='lat' dir='ltr'>causa</span> <span class='ocrx_word' id='word_1_97' title='bbox 994 1029 1090 1067; x_wconf 85' lang='lat' dir='ltr'>sugit;</span> <span class='ocrx_word' id='word_1_98' title='bbox 1115 1039 1187 1057; x_wconf 86' lang='lat' dir='ltr'>nam</span> <span class='ocrx_word' id='word_1_99' title='bbox 1205 1029 1255 1066; x_wconf 87' lang='lat' dir='ltr'>qui</span> <span class='ocrx_word' id='word_1_100' title='bbox 1274 1029 1449 1058; x_wconf 83' lang='lat' dir='ltr'>miserande</span> <span class='ocrx_word' id='word_1_101' title='bbox 1467 1028 1587 1057; x_wconf 86' lang='lat' dir='ltr'>labores</span> 
     </span>
     <span class='ocr_line' id='line_1_17' title="bbox 735 1077 1451 1117; baseline -0.006 -8"><span class='ocrx_word' id='word_1_102' title='bbox 735 1080 868 1117; x_wconf 76' lang='lat' dir='ltr'>Sisyphe</span> <span class='ocrx_word' id='word_1_103' title='bbox 892 1085 931 1114; x_wconf 88' lang='lat' dir='ltr'>te,</span> <span class='ocrx_word' id='word_1_104' title='bbox 949 1079 1077 1116; x_wconf 84' lang='lat' dir='ltr'>Tityum</span> <span class='ocrx_word' id='word_1_105' title='bbox 1095 1088 1173 1115; x_wconf 86' lang='lat' dir='ltr'>quae</span> <span class='ocrx_word' id='word_1_106' title='bbox 1190 1077 1313 1106; x_wconf 88' lang='lat' dir='ltr'>laniena</span> <span class='ocrx_word' id='word_1_107' title='bbox 1331 1077 1451 1114; x_wconf 86' lang='lat' dir='ltr'>premit,</span> 
     </span>
     <span class='ocr_line' id='line_1_18' title="bbox 689 1126 1452 1168; baseline -0.007 -10"><span class='ocrx_word' id='word_1_108' title='bbox 689 1130 776 1168; x_wconf 76' lang='lat' dir='ltr'>Quae</span> <span class='ocrx_word' id='word_1_109' title='bbox 793 1134 868 1163; x_wconf 88' lang='lat' dir='ltr'>rota,</span> <span class='ocrx_word' id='word_1_110' title='bbox 885 1128 936 1165; x_wconf 85' lang='lat' dir='ltr'>qui</span> <span class='ocrx_word' id='word_1_111' title='bbox 954 1129 1090 1156; x_wconf 85' lang='lat' dir='ltr'>lacerant</span> <span class='ocrx_word' id='word_1_112' title='bbox 1107 1137 1228 1165; x_wconf 85' lang='lat' dir='ltr'>angues</span> <span class='ocrx_word' id='word_1_113' title='bbox 1246 1126 1356 1155; x_wconf 79' lang='lat' dir='ltr'>Ixiona</span> <span class='ocrx_word' id='word_1_114' title='bbox 1372 1126 1452 1161; x_wconf 89' lang='lat' dir='ltr'>torti,</span> 
     </span>
     <span class='ocr_line' id='line_1_19' title="bbox 734 1174 1476 1215; baseline -0.005 -8"><span class='ocrx_word' id='word_1_115' title='bbox 734 1178 918 1215; x_wconf 78' lang='lat' dir='ltr'>Progeniem</span> <span class='ocrx_word' id='word_1_116' title='bbox 937 1177 1039 1206; x_wconf 79' lang='lat' dir='ltr'>Danai</span> <span class='ocrx_word' id='word_1_117' title='bbox 1057 1186 1135 1214; x_wconf 82' lang='lat' dir='ltr'>quae</span> <span class='ocrx_word' id='word_1_118' title='bbox 1153 1181 1258 1205; x_wconf 87' lang='lat' dir='ltr'>manet</span> <span class='ocrx_word' id='word_1_119' title='bbox 1276 1185 1353 1204; x_wconf 88' lang='lat' dir='ltr'>urna</span> <span class='ocrx_word' id='word_1_120' title='bbox 1369 1174 1476 1209; x_wconf 88' lang='lat' dir='ltr'>feram,</span> 
     </span>
     <span class='ocr_line' id='line_1_20' title="bbox 452 1223 1599 1266; baseline -0.004 -9"><span class='ocrx_word' id='word_1_121' title='bbox 452 1239 481 1266; x_wconf 86' lang='lat'>¹5</span> <span class='ocrx_word' id='word_1_122' title='bbox 692 1228 767 1256; x_wconf 74' lang='lat' dir='ltr'>Pars</span> <span class='ocrx_word' id='word_1_123' title='bbox 783 1233 876 1264; x_wconf 78' lang='lat' dir='ltr'>quota</span> <span class='ocrx_word' id='word_1_124' title='bbox 894 1236 1063 1264; x_wconf 86' lang='lat' dir='ltr'>poenarum</span> <span class='ocrx_word' id='word_1_125' title='bbox 1081 1235 1159 1262; x_wconf 89' lang='lat' dir='ltr'>quas</span> <span class='ocrx_word' id='word_1_126' title='bbox 1176 1226 1275 1262; x_wconf 82' lang='lat' dir='ltr'>pendo</span> <span class='ocrx_word' id='word_1_127' title='bbox 1294 1223 1493 1253; x_wconf 86' lang='lat' dir='ltr'>Palaemonis</span> <span class='ocrx_word' id='word_1_128' title='bbox 1509 1228 1599 1252; x_wconf 89' lang='lat' dir='ltr'>antro</span> 
     </span>
     <span class='ocr_line' id='line_1_21' title="bbox 734 1273 1477 1310; baseline -0.007 -5"><span class='ocrx_word' id='word_1_129' title='bbox 734 1277 845 1305; x_wconf 81' lang='lat' dir='ltr'>Lustra</span> <span class='ocrx_word' id='word_1_130' title='bbox 863 1281 907 1304; x_wconf 89' lang='lat' dir='ltr'>tot</span> <span class='ocrx_word' id='word_1_131' title='bbox 924 1276 1075 1310; x_wconf 82' lang='lat' dir='ltr'>inclusus,</span> <span class='ocrx_word' id='word_1_132' title='bbox 1091 1276 1164 1303; x_wconf 90' lang='lat' dir='ltr'>dum</span> <span class='ocrx_word' id='word_1_133' title='bbox 1182 1273 1244 1303; x_wconf 88' lang='lat' dir='ltr'>sero</span> <span class='ocrx_word' id='word_1_134' title='bbox 1263 1273 1346 1302; x_wconf 90' lang='lat' dir='ltr'>mille</span> <span class='ocrx_word' id='word_1_135' title='bbox 1364 1273 1477 1301; x_wconf 83' lang='lat' dir='ltr'>neces?</span> 
     </span>
     <span class='ocr_line' id='line_1_22' title="bbox 687 1320 1592 1364; baseline -0.006 -10"><span class='ocrx_word' id='word_1_136' title='bbox 687 1327 772 1364; x_wconf 78' lang='lat' dir='ltr'>Quas</span> <span class='ocrx_word' id='word_1_137' title='bbox 789 1325 839 1361; x_wconf 86' lang='lat' dir='ltr'>qui</span> <span class='ocrx_word' id='word_1_138' title='bbox 858 1325 935 1354; x_wconf 86' lang='lat' dir='ltr'>scire</span> <span class='ocrx_word' id='word_1_139' title='bbox 951 1324 1035 1358; x_wconf 82' lang='lat' dir='ltr'>velit,</span> <span class='ocrx_word' id='word_1_140' title='bbox 1054 1324 1169 1360; x_wconf 80' lang='lat' dir='ltr'>Libyco</span> <span class='ocrx_word' id='word_1_141' title='bbox 1185 1328 1259 1360; x_wconf 91' lang='lat' dir='ltr'>quot</span> <span class='ocrx_word' id='word_1_142' title='bbox 1276 1323 1306 1351; x_wconf 96' lang='lat' dir='ltr'>in</span> <span class='ocrx_word' id='word_1_143' title='bbox 1323 1331 1455 1358; x_wconf 86' lang='lat' dir='ltr'>aequore</span> <span class='ocrx_word' id='word_1_144' title='bbox 1471 1320 1592 1356; x_wconf 85' lang='lat' dir='ltr'>fluctus,</span> 
     </span>
     <span class='ocr_line' id='line_1_23' title="bbox 731 1373 1400 1411; baseline -0.006 -8"><span class='ocrx_word' id='word_1_145' title='bbox 731 1375 827 1411; x_wconf 81' lang='lat' dir='ltr'>Ignea</span> <span class='ocrx_word' id='word_1_146' title='bbox 844 1380 918 1410; x_wconf 89' lang='lat' dir='ltr'>quot</span> <span class='ocrx_word' id='word_1_147' title='bbox 935 1373 1054 1402; x_wconf 80' lang='lat' dir='ltr'>niteant</span> <span class='ocrx_word' id='word_1_148' title='bbox 1072 1373 1172 1401; x_wconf 84' lang='lat' dir='ltr'>sidera</span> <span class='ocrx_word' id='word_1_149' title='bbox 1189 1377 1288 1406; x_wconf 80' lang='lat' dir='ltr'>nocte,</span> <span class='ocrx_word' id='word_1_150' title='bbox 1306 1377 1400 1408; x_wconf 85' lang='lat' dir='ltr'>petat.</span> 
     </span>
     <span class='ocr_line' id='line_1_24' title="bbox 690 1419 1448 1458; baseline -0.007 -6"><span class='ocrx_word' id='word_1_151' title='bbox 690 1423 813 1452; x_wconf 69' lang='lat' dir='ltr'>Scilicet</span> <span class='ocrx_word' id='word_1_152' title='bbox 829 1423 910 1458; x_wconf 81' lang='lat' dir='ltr'>hinc,</span> <span class='ocrx_word' id='word_1_153' title='bbox 927 1422 952 1450; x_wconf 91' lang='lat' dir='ltr'>si</span> <span class='ocrx_word' id='word_1_154' title='bbox 969 1432 1047 1458; x_wconf 88' lang='lat' dir='ltr'>quas</span> <span class='ocrx_word' id='word_1_155' title='bbox 1065 1421 1172 1450; x_wconf 87' lang='lat' dir='ltr'>melior</span> <span class='ocrx_word' id='word_1_156' title='bbox 1189 1426 1299 1449; x_wconf 83' lang='lat' dir='ltr'>natura</span> <span class='ocrx_word' id='word_1_157' title='bbox 1316 1419 1448 1455; x_wconf 80' lang='lat' dir='ltr'>benigne</span> 
     </span>
     <span class='ocr_line' id='line_1_25' title="bbox 450 1470 1302 1508; baseline -0.006 -6"><span class='ocrx_word' id='word_1_158' title='bbox 450 1485 486 1502; x_wconf 81' lang='lat'>20</span> <span class='ocrx_word' id='word_1_159' title='bbox 732 1472 915 1500; x_wconf 86' lang='lat' dir='ltr'>Contulerat</span> <span class='ocrx_word' id='word_1_160' title='bbox 932 1472 1020 1500; x_wconf 71' lang='lat' dir='ltr'>dotes</span> <span class='ocrx_word' id='word_1_161' title='bbox 1037 1470 1190 1508; x_wconf 81' lang='lat' dir='ltr'>deperiere</span> <span class='ocrx_word' id='word_1_162' title='bbox 1207 1479 1302 1498; x_wconf 84' lang='lat' dir='ltr'>meae.</span> 
     </span>
     <span class='ocr_line' id='line_1_26' title="bbox 690 1518 1534 1558; baseline -0.005 -8"><span class='ocrx_word' id='word_1_163' title='bbox 690 1521 824 1557; x_wconf 77' lang='lat' dir='ltr'>Adspice</span> <span class='ocrx_word' id='word_1_164' title='bbox 841 1520 1045 1558; x_wconf 86' lang='lat' dir='ltr'>Carpathium</span> <span class='ocrx_word' id='word_1_165' title='bbox 1063 1520 1114 1556; x_wconf 91' lang='lat' dir='ltr'>qui</span> <span class='ocrx_word' id='word_1_166' title='bbox 1132 1519 1219 1548; x_wconf 80' lang='lat' dir='ltr'>findit</span> <span class='ocrx_word' id='word_1_167' title='bbox 1238 1518 1394 1556; x_wconf 78' lang='lat' dir='ltr'>puppibus</span> <span class='ocrx_word' id='word_1_168' title='bbox 1409 1527 1534 1554; x_wconf 83' lang='lat' dir='ltr'>aequor,</span> 
     </span>
     <span class='ocr_line' id='line_1_27' title="bbox 731 1567 1394 1607; baseline -0.005 -9"><span class='ocrx_word' id='word_1_169' title='bbox 731 1570 863 1607; x_wconf 88' lang='lat' dir='ltr'>Adspice</span> <span class='ocrx_word' id='word_1_170' title='bbox 880 1569 930 1606; x_wconf 89' lang='lat' dir='ltr'>qui</span> <span class='ocrx_word' id='word_1_171' title='bbox 947 1569 1012 1598; x_wconf 92' lang='lat' dir='ltr'>duri</span> <span class='ocrx_word' id='word_1_172' title='bbox 1030 1569 1145 1605; x_wconf 84' lang='lat' dir='ltr'>praelia</span> <span class='ocrx_word' id='word_1_173' title='bbox 1163 1567 1273 1596; x_wconf 82' lang='lat' dir='ltr'>Martis</span> <span class='ocrx_word' id='word_1_174' title='bbox 1288 1573 1394 1601; x_wconf 82' lang='lat' dir='ltr'>amat3</span> 
     </span>
     <span class='ocr_line' id='line_1_28' title="bbox 692 1615 1475 1657; baseline -0.004 -11"><span class='ocrx_word' id='word_1_175' title='bbox 692 1619 780 1657; x_wconf 75' lang='lat' dir='ltr'>Quas</span> <span class='ocrx_word' id='word_1_176' title='bbox 798 1618 920 1647; x_wconf 77' lang='lat' dir='ltr'>sentina</span> <span class='ocrx_word' id='word_1_177' title='bbox 937 1618 1034 1646; x_wconf 75' lang='lat' dir='ltr'>vomit</span> <span class='ocrx_word' id='word_1_178' title='bbox 1051 1616 1226 1646; x_wconf 84' lang='lat' dir='ltr'>circumfert</span> <span class='ocrx_word' id='word_1_179' title='bbox 1243 1616 1350 1644; x_wconf 88' lang='lat' dir='ltr'>navita</span> <span class='ocrx_word' id='word_1_180' title='bbox 1367 1615 1475 1650; x_wconf 83' lang='lat' dir='ltr'>faeces,</span> 
     </span>
     <span class='ocr_line' id='line_1_29' title="bbox 731 1666 1448 1696; baseline -0.003 -1"><span class='ocrx_word' id='word_1_181' title='bbox 731 1667 815 1695; x_wconf 81' lang='lat' dir='ltr'>Trux</span> <span class='ocrx_word' id='word_1_182' title='bbox 832 1667 1011 1696; x_wconf 84' lang='lat' dir='ltr'>bellatorem</span> <span class='ocrx_word' id='word_1_183' title='bbox 1031 1666 1117 1694; x_wconf 81' lang='lat' dir='ltr'>Mars</span> <span class='ocrx_word' id='word_1_184' title='bbox 1133 1666 1221 1694; x_wconf 82' lang='lat' dir='ltr'>docet</span> <span class='ocrx_word' id='word_1_185' title='bbox 1236 1675 1306 1694; x_wconf 86' lang='lat' dir='ltr'>esse</span> <span class='ocrx_word' id='word_1_186' title='bbox 1321 1670 1448 1693; x_wconf 86' lang='lat' dir='ltr'>trucem.</span> 
     </span>
     <span class='ocr_line' id='line_1_30' title="bbox 696 1713 1610 1750; baseline -0.003 -6"><span class='ocrx_word' id='word_1_187' title='bbox 696 1716 798 1744; x_wconf 82' lang='lat' dir='ltr'>Omne</span> <span class='ocrx_word' id='word_1_188' title='bbox 815 1715 878 1744; x_wconf 81' lang='lat' dir='ltr'>abit</span> <span class='ocrx_word' id='word_1_189' title='bbox 895 1716 924 1743; x_wconf 94' lang='lat' dir='ltr'>in</span> <span class='ocrx_word' id='word_1_190' title='bbox 939 1725 1040 1744; x_wconf 88' lang='lat' dir='ltr'>mores</span> <span class='ocrx_word' id='word_1_191' title='bbox 1058 1716 1205 1750; x_wconf 80' lang='lat' dir='ltr'>studium,</span> <span class='ocrx_word' id='word_1_192' title='bbox 1223 1713 1299 1742; x_wconf 85' lang='lat' dir='ltr'>mihi</span> <span class='ocrx_word' id='word_1_193' title='bbox 1316 1714 1416 1747; x_wconf 84' lang='lat' dir='ltr'>crede,</span> <span class='ocrx_word' id='word_1_194' title='bbox 1434 1722 1610 1749; x_wconf 86' lang='lat' dir='ltr'>sequaxque</span> 
     </span>
     <span class='ocr_line' id='line_1_31' title="bbox 733 1762 1377 1800; baseline -0.005 -7"><span class='ocrx_word' id='word_1_195' title='bbox 733 1764 868 1793; x_wconf 79' lang='lat' dir='ltr'>Artificis</span> <span class='ocrx_word' id='word_1_196' title='bbox 884 1764 994 1792; x_wconf 85' lang='lat' dir='ltr'>vitium</span> <span class='ocrx_word' id='word_1_197' title='bbox 1014 1773 1135 1800; x_wconf 84' lang='lat' dir='ltr'>semper</span> <span class='ocrx_word' id='word_1_198' title='bbox 1151 1769 1180 1792; x_wconf 89' lang='lat' dir='ltr'>et</span> <span class='ocrx_word' id='word_1_199' title='bbox 1196 1763 1270 1792; x_wconf 83' lang='lat' dir='ltr'>artis</span> <span class='ocrx_word' id='word_1_200' title='bbox 1287 1762 1377 1791; x_wconf 87' lang='lat' dir='ltr'>idem.</span> 
     </span>
     <span class='ocr_line' id='line_1_32' title="bbox 696 1810 1498 1849; baseline -0.005 -6"><span class='ocrx_word' id='word_1_201' title='bbox 696 1815 771 1843; x_wconf 89' lang='lat' dir='ltr'>Inde</span> <span class='ocrx_word' id='word_1_202' title='bbox 787 1813 859 1842; x_wconf 89' lang='lat' dir='ltr'>mali</span> <span class='ocrx_word' id='word_1_203' title='bbox 877 1813 952 1841; x_wconf 88' lang='lat' dir='ltr'>mihi</span> <span class='ocrx_word' id='word_1_204' title='bbox 969 1823 1062 1842; x_wconf 81' lang='lat' dir='ltr'>causa</span> <span class='ocrx_word' id='word_1_205' title='bbox 1081 1813 1138 1841; x_wconf 84' lang='lat' dir='ltr'>mei</span> <span class='ocrx_word' id='word_1_206' title='bbox 1154 1823 1159 1842; x_wconf 80' lang='lat'>1</span> <span class='ocrx_word' id='word_1_207' title='bbox 1185 1822 1256 1841; x_wconf 87' lang='lat' dir='ltr'>nam</span> <span class='ocrx_word' id='word_1_208' title='bbox 1274 1817 1396 1849; x_wconf 84' lang='lat' dir='ltr'>pectora</span> <span class='ocrx_word' id='word_1_209' title='bbox 1413 1810 1498 1847; x_wconf 85' lang='lat' dir='ltr'>fingo</span> 
     </span>
     <span class='ocr_line' id='line_1_33' title="bbox 734 1861 1419 1898; baseline -0.004 -7"><span class='ocrx_word' id='word_1_210' title='bbox 734 1864 816 1892; x_wconf 85' lang='lat' dir='ltr'>Dum</span> <span class='ocrx_word' id='word_1_211' title='bbox 834 1868 940 1891; x_wconf 84' lang='lat' dir='ltr'>tenera</span> <span class='ocrx_word' id='word_1_212' title='bbox 955 1868 985 1891; x_wconf 88' lang='lat' dir='ltr'>et</span> <span class='ocrx_word' id='word_1_213' title='bbox 1003 1871 1114 1898; x_wconf 84' lang='lat' dir='ltr'>pueros</span> <span class='ocrx_word' id='word_1_214' title='bbox 1129 1861 1280 1890; x_wconf 87' lang='lat' dir='ltr'>erudiisse</span> <span class='ocrx_word' id='word_1_215' title='bbox 1297 1866 1345 1889; x_wconf 87' lang='lat' dir='ltr'>sat</span> <span class='ocrx_word' id='word_1_216' title='bbox 1361 1865 1419 1894; x_wconf 88' lang='lat' dir='ltr'>est,</span> 
     </span>
     <span class='ocr_line' id='line_1_34' title="bbox 694 1909 1544 1948; baseline -0.005 -7"><span class='ocrx_word' id='word_1_217' title='bbox 694 1913 758 1941; x_wconf 86' lang='lat' dir='ltr'>Nec</span> <span class='ocrx_word' id='word_1_218' title='bbox 775 1911 850 1940; x_wconf 84' lang='lat' dir='ltr'>mihi</span> <span class='ocrx_word' id='word_1_219' title='bbox 868 1921 1052 1940; x_wconf 87' lang='lat' dir='ltr'>concessum</span> <span class='ocrx_word' id='word_1_220' title='bbox 1071 1921 1124 1948; x_wconf 90' lang='lat' dir='ltr'>pro</span> <span class='ocrx_word' id='word_1_221' title='bbox 1141 1920 1195 1947; x_wconf 82' lang='lat' dir='ltr'>spe</span> <span class='ocrx_word' id='word_1_222' title='bbox 1212 1910 1284 1946; x_wconf 77' lang='lat' dir='ltr'>iuga</span> <span class='ocrx_word' id='word_1_223' title='bbox 1301 1910 1399 1938; x_wconf 83' lang='lat' dir='ltr'>visere</span> <span class='ocrx_word' id='word_1_224' title='bbox 1418 1909 1544 1943; x_wconf 89' lang='lat' dir='ltr'>Phoebi,</span> 
     </span>
     <span class='ocr_line' id='line_1_35' title="bbox 451 1960 1391 2001; baseline -0.006 -8"><span class='ocrx_word' id='word_1_225' title='bbox 451 1975 488 2001; x_wconf 79' lang='lat'>30</span> <span class='ocrx_word' id='word_1_226' title='bbox 735 1962 800 1991; x_wconf 81' lang='lat' dir='ltr'>Nec</span> <span class='ocrx_word' id='word_1_227' title='bbox 817 1961 891 1989; x_wconf 87' lang='lat' dir='ltr'>mihi</span> <span class='ocrx_word' id='word_1_228' title='bbox 909 1960 1049 1989; x_wconf 85' lang='lat' dir='ltr'>fortunae</span> <span class='ocrx_word' id='word_1_229' title='bbox 1065 1960 1116 1997; x_wconf 85' lang='lat' dir='ltr'>qui</span> <span class='ocrx_word' id='word_1_230' title='bbox 1134 1960 1189 1988; x_wconf 81' lang='lat' dir='ltr'>suit</span> <span class='ocrx_word' id='word_1_231' title='bbox 1205 1965 1278 1988; x_wconf 85' lang='lat' dir='ltr'>ante</span> <span class='ocrx_word' id='word_1_232' title='bbox 1294 1965 1391 1988; x_wconf 86' lang='lat' dir='ltr'>tenor.</span> 
     </span>
     <span class='ocr_line' id='line_1_36' title="bbox 693 2007 1525 2047; baseline -0.006 -7"><span class='ocrx_word' id='word_1_233' title='bbox 693 2012 849 2041; x_wconf 81' lang='lat' dir='ltr'>Fortunae</span> <span class='ocrx_word' id='word_1_234' title='bbox 865 2011 919 2039; x_wconf 90' lang='lat' dir='ltr'>sed</span> <span class='ocrx_word' id='word_1_235' title='bbox 935 2010 1007 2047; x_wconf 85' lang='lat' dir='ltr'>quid</span> <span class='ocrx_word' id='word_1_236' title='bbox 1026 2009 1231 2046; x_wconf 84' lang='lat' dir='ltr'>nequicquam</span> <span class='ocrx_word' id='word_1_237' title='bbox 1249 2008 1371 2045; x_wconf 85' lang='lat' dir='ltr'>ingrata</span> <span class='ocrx_word' id='word_1_238' title='bbox 1389 2007 1525 2041; x_wconf 87' lang='lat' dir='ltr'>revolvo,</span> 
     </span>
     <span class='ocr_line' id='line_1_37' title="bbox 732 2055 1452 2096; baseline -0.007 -8"><span class='ocrx_word' id='word_1_239' title='bbox 732 2059 877 2089; x_wconf 83' lang='lat' dir='ltr'>Carmine</span> <span class='ocrx_word' id='word_1_240' title='bbox 893 2059 965 2096; x_wconf 88' lang='lat' dir='ltr'>quid</span> <span class='ocrx_word' id='word_1_241' title='bbox 983 2068 1094 2087; x_wconf 80' lang='lat' dir='ltr'>moveo</span> <span class='ocrx_word' id='word_1_242' title='bbox 1110 2063 1148 2091; x_wconf 89' lang='lat' dir='ltr'>te,</span> <span class='ocrx_word' id='word_1_243' title='bbox 1165 2057 1342 2089; x_wconf 82' lang='lat' dir='ltr'>Camarina,</span> <span class='ocrx_word' id='word_1_244' title='bbox 1358 2055 1452 2084; x_wconf 87' lang='lat' dir='ltr'>meo?</span> 
     </span>
     <span class='ocr_line' id='line_1_38' title="bbox 694 2104 1430 2144; baseline -0.007 -7"><span class='ocrx_word' id='word_1_245' title='bbox 694 2109 762 2138; x_wconf 91' lang='lat' dir='ltr'>Hoc</span> <span class='ocrx_word' id='word_1_246' title='bbox 779 2108 885 2142; x_wconf 87' lang='lat' dir='ltr'>fateor,</span> <span class='ocrx_word' id='word_1_247' title='bbox 904 2108 1054 2144; x_wconf 82' lang='lat' dir='ltr'>liceatque</span> <span class='ocrx_word' id='word_1_248' title='bbox 1071 2106 1146 2134; x_wconf 87' lang='lat' dir='ltr'>mihi</span> <span class='ocrx_word' id='word_1_249' title='bbox 1164 2106 1230 2134; x_wconf 90' lang='lat' dir='ltr'>sine</span> <span class='ocrx_word' id='word_1_250' title='bbox 1247 2106 1314 2134; x_wconf 88' lang='lat' dir='ltr'>labe</span> <span class='ocrx_word' id='word_1_251' title='bbox 1331 2104 1430 2139; x_wconf 85' lang='lat' dir='ltr'>fateri,</span> 
     </span>
     <span class='ocr_line' id='line_1_39' title="bbox 732 2155 1428 2191; baseline -0.004 -5"><span class='ocrx_word' id='word_1_252' title='bbox 732 2158 811 2186; x_wconf 76' lang='lat' dir='ltr'>Cum</span> <span class='ocrx_word' id='word_1_253' title='bbox 830 2157 932 2186; x_wconf 85' lang='lat' dir='ltr'>foveat</span> <span class='ocrx_word' id='word_1_254' title='bbox 949 2157 1042 2185; x_wconf 75' lang='lat' dir='ltr'>sortis</span> <span class='ocrx_word' id='word_1_255' title='bbox 1059 2156 1180 2184; x_wconf 83' lang='lat' dir='ltr'>semina</span> <span class='ocrx_word' id='word_1_256' title='bbox 1197 2155 1327 2191; x_wconf 80' lang='lat' dir='ltr'>quisque</span> <span class='ocrx_word' id='word_1_257' title='bbox 1343 2163 1428 2183; x_wconf 86' lang='lat' dir='ltr'>suae.</span> 
     </span>
    </p>
   </div>
  </div>
 </body>
</html>
