1903 2724
557 219 786 245 ALEXANDER
812 223 958 248 DOWNY.
1396 232 1430 260 71

76 298 151 320 tears
166 303 246 329 away
261 296 327 322 with
343 297 391 322 the
405 301 508 323 waters
523 298 554 323 os
573 299 739 325 Permessus
759 301 831 329 said.
854 304 969 337 ‘¹'I'ruly
991 305 1061 330 from
1085 306 1207 331 luckless·
1229 308 1335 333 h⁴·ax'(·n
1358 310 1436 335 thor<-

75 339 122 364 the
137 338 209 364 hour
224 339 275 365 has
290 341 382 366 stolen
398 350 433 366 on
455 342 516 367 that
539 344 671 369 removed
694 343 764 370 from
786 347 866 372 earth
889 357 919 371 so
940 353 1019 379 great
1040 358 1055 374 a
1078 359 1152 375 man.
1193 351 1254 377 Still
1277 353 1341 383 high
1365 355 1435 386 liupi-

75 381 208 412 rcmains,
232 382 273 407 sor
293 383 340 408 the
362 383 450 409 house
472 384 523 409 has
544 389 593 410 not
616 385 684 411 been
708 387 756 412 lest
777 389 914 415 destitute
935 390 966 415 of
982 396 1061 423 great
1084 392 1185 418 mimis.
1227 395 1286 418 Ἠπι-
1308 405 1357 420 son
1380 397 1435 421 still

75 424 151 456 lives,
167 425 212 451 his
225 430 304 458 great
320 426 438 452 sathcr's
451 429 557 454 second
572 430 633 460 sels,
647 431 702 455 and
719 431 784 463 long
799 441 863 466 may
880 433 913 458 lic
930 434 991 465 live,
1010 436 1018 460 I
1037 444 1112 469 pray,
1134 440 1162 462 to
1184 437 1216 462 bc
1237 447 1287 463 our
1307 441 1435 465 consola-

75 468 135 494 tion
151 469 178 494 in
199 470 340 496 troublc.”

139 604 187 635 IN
215 605 495 639 REVERENDI
526 609 586 639 ET
612 610 919 644 SANCTISSIMI
949 615 1128 651 PATRIS,
1158 617 1365 649 PATRICH

535 666 757 699 FORBESII
786 669 985 702 OBITUM.

574 748 690 777 [Forbes¹
705 750 838 779 Funerals,
855 752 935 782 1635]

311 819 431 848 Occidit
447 821 648 850 Abredonum
669 823 796 852 Praesul
816 825 993 858 Forbesius‚
1010 836 1079 855 ecce

355 868 453 898 Parva
470 874 554 899 tenet
571 872 678 909 magni
697 874 835 902 nominis
852 885 928 903 urna
945 875 1055 904 virum.

312 917 346 945 In
363 927 455 954 quen]
473 929 534 948 non
552 921 645 950 habet
661 927 713 951 aut
731 923 807 951 livor
823 925 903 960 quod
920 924 1018 954 (licere
1037 926 1147 962 possit,

351 968 539 1005 Quanquam
556 971 721 1000 caelicolas
738 972 823 1002 misit
841 973 870 1001 in
888 984 974 1002 arma
990 975 1072 1004 deas.

90 1022 104 1050 5
314 1015 459 1053 Namque
477 1017 563 1053 fides,
582 1020 692 1056 pietas,
711 1031 791 1058 spesy
809 1023 953 1059 quicquid
970 1024 1103 1061 denique
1119 1031 1241 1054 tantuin

350 1065 413 1094 Aut
429 1067 522 1096 talem
540 1069 642 1105 potuit
658 1071 862 1100 condecorare
879 1072 991 1106 virum,

310 1114 399 1143 Illius
417 1115 446 1144 in
464 1117 557 1146 niveo
575 1118 632 1147 sibi
651 1120 756 1148 sedem
775 1126 897 1157 pectore
914 1122 999 1157 legit¹

351 1163 477 1194 Pectore
494 1166 653 1196 Caucasea
670 1169 835 1199 candidore
853 1171 932 1200 nive.

310 1213 393 1241 Labe
410 1224 518 1243 carens
535 1221 568 1245 ut
584 1218 648 1246 vita
665 1217 721 1247 suit
739 1220 877 1257 nullique
895 1227 1036 1257 potestas

67 1271 100 1288 10
350 1262 462 1297 Noxia,
481 1264 524 1293 sic
541 1265 608 1294 visa
626 1272 673 1295 est
691 1277 774 1296 mors
792 1275 953 1305 properata
970 1271 1073 1299 nimis.

309 1310 403 1339 Hunc
419 1318 522 1348 gemet
539 1314 709 1343 extinctum
726 1316 898 1354 cuicunque
915 1319 1043 1347 ecclesia
1059 1330 1150 1349 curae
1166 1327 1223 1353 cst,

346 1359 448 1397 Atque
464 1361 494 1390 in
512 1363 635 1392 solliciti
654 1370 739 1401 parte
755 1366 869 1395 doloris
885 1367 951 1396 erit.

268 1500 511 1534 MUSARUM
542 1504 589 1535 IN
618 1506 922 1539 DEFUNCTUM
949 1509 1226 1542 LACRYMAE.

303 1585 382 1614 Vere
400 1596 481 1616 novo
499 1588 654 1624 Phoebus,
673 1591 761 1619 turba
778 1592 948 1621 comitante
967 1603 1117 1629 sororum,

343 1635 450 1665 Visere
468 1637 585 1666 Pierias
602 1640 668 1668 vult
686 1640 847 1669 Heliconis
864 1652 972 1679 aquas.

304 1683 546 1722 Sollicitansque
563 1687 661 1724 lyram
679 1689 723 1717 sic
741 1690 901 1719 solabatur
916 1698 1036 1727 eunteS,

341 1732 416 1761 Visa
433 1734 472 1762 sit
491 1741 522 1763 ut
541 1736 653 1773 longae
670 1747 730 1767 non
748 1749 834 1768 mora
852 1740 945 1777 longa
963 1741 1040 1771 viae.

81 1787 96 1816 5
307 1780 434 1818 Propter
449 1793 547 1820 aquas
564 1786 690 1814 tandem
707 1787 795 1815 viridi
812 1789 952 1818 consedit
970 1790 998 1817 in
1018 1791 1121 1825 herba,

343 1830 382 1858 Et
398 1831 586 1862 circumfusa
602 1840 650 1863 est
666 1836 755 1864 turba
771 1846 883 1865 canora
900 1839 1019 1868 ducem.

299 1877 388 1908 Tunc
406 1880 571 1910 Phoebus:
597 1884 731 1913 Caritate
748 1885 822 1914 deae
839 1887 926 1923 queis
942 1888 1080 1916 carmina
1096 1899 1193 1924 curae,

341 1928 381 1957 Et
398 1928 459 1957 iam
477 1937 645 1961 vernantes
662 1932 758 1962 fallite
774 1944 849 1963 voce
864 1936 938 1964 dies.

300 1977 455 2014 Incipiunt
472 1979 585 2010 iussae.
631 1982 723 2011 Canit
740 1984 824 2019 haec,
841 1995 902 2021 qua
920 1986 1035 2022 Iupiter
1050 1986 1123 2014 olim

61 2033 93 2051 10
341 2027 478 2056 Laedam
497 2028 647 2059 fluminea
663 2031 736 2060 lusit
752 2033 871 2061 adulter
886 2044 953 2064 ave.

299 2075 355 2103 Illa
371 2076 454 2105 canit
471 2077 602 2107 Veneris
619 2079 791 2117 Martisque
809 2081 922 2110 nefaria
940 2083 1029 2117 furta,

340 2124 380 2152 Et
397 2125 515 2155 Niobes
532 2127 719 2165 lachrymas,
736 2135 766 2158 et
785 2130 992 2159 Phaethontis
1009 2142 1117 2168 equos.

299 2172 445 2211 Dumque
462 2175 536 2204 deae
553 2176 596 2205 sic
613 2176 694 2206 facta
710 2185 837 2215 canunt,
856 2180 899 2209 sic
916 2191 985 2210 aera
1001 2182 1148 2216 mulcent,
