1903 2724
560 200 673 224 DAVH)
700 199 962 223 Wliln‘nzlulURN.
1380 196 1437 232 381

323 282 459 311 Venator
474 291 627 318 cursuque
644 281 727 310 leves
745 280 946 317 praevertitur
964 281 1083 309 Euros:

82 342 138 370 ²30
325 331 390 360 Nec
407 331 490 368 prius
507 330 631 359 absistit
648 339 741 366 quam
761 329 839 357 fixus
857 329 1009 358 arundine
1026 339 1146 363 cervus,

322 380 472 419 Quisquis
489 390 530 414 63,
548 379 578 407 in
596 379 702 408 vacuis
719 378 923 407 moribundus
939 378 1081 407 concidat
1098 379 1189 408 arvis.

365 429 425 457 His
442 429 492 457 ubi
511 428 582 457 finis
599 433 673 461 erat,
690 428 827 463 tandem,
847 428 912 456 Rex
928 428 1054 464 optime,
1073 428 1188 456 lustras

321 479 478 508 Tellurem
497 477 636 515 patriam.
682 478 814 516 Quoquo
831 477 964 513 vestigia
981 476 1088 511 flectis,

323 528 456 566 Quoquo
472 527 588 561 oculos,
607 536 678 563 pars
695 526 780 554 nulla
798 526 860 554 tuis
878 535 939 555 non
958 525 1072 563 inclyta
1091 525 1180 554 fastis

81 587 134 616 235
322 578 469 605 Ostentat
486 580 700 604 monumenta.
745 575 876 611 Aquilae
894 575 943 603 hic
963 575 1167 612 Romanaque
1185 574 1275 611 signa

323 627 462 661 Cessere,
480 626 529 654 hic
548 626 640 655 Dano
655 626 692 654 de
710 625 828 661 ingenti
846 630 947 654 erecta
964 630 1099 662 tropaea,

325 675 445 706 Ultima
461 680 491 704 et
507 675 537 703 in
554 675 672 704 cineres
688 675 827 711 collapsa
844 674 893 703 hic
909 674 1007 711 gloria
1026 674 1131 708 Pictis,

324 725 500 753 Brittonum
518 729 548 752 at
566 723 636 752 inde
653 724 745 760 plaga
761 729 807 752 est
824 723 904 752 tristi
921 723 1091 752 commissa
1108 723 1210 752 duello

325 775 473 810 Utraque,
491 782 570 810 quae
585 773 695 802 caedes
713 777 817 801 mente
833 777 977 801 aversata
995 772 1109 809 priores

81 836 139 861 ²40
327 823 469 860 Ingenua
486 831 593 859 pacem
611 821 751 850 unanimi
769 822 830 850 iam
849 828 971 858 pectore
989 821 1094 858 spirat.

324 872 415 900 Hanc
432 881 520 908 reges
537 871 686 899 statuisse
704 871 810 899 urbem
827 871 982 906 dicuntur,
1000 875 1031 899 at
1048 871 1108 899 ista

324 921 500 950 Nobilitant
516 930 624 957 regum
641 920 761 949 cineres
779 930 951 957 manesque
968 920 1141 957 sepulchra.

325 970 384 998 Hic
401 979 506 998 rursus
522 979 682 1006 cunaeque
700 969 857 1006 Larcsquc
874 974 903 998 et
919 979 989 998 cara
1006 974 1134 1006 penates

324 1020 474 1054 Numina,
492 1029 570 1057 quae
588 1019 704 1056 primae
721 1020 880 1056 quondam
898 1019 952 1047 tibi
969 1019 1095 1048 conscia
1112 1018 1198 1048 lucis.

81 1081 135 1109 245
324 1069 384 1098 Hic
401 1074 567 1107 postquam
586 1068 708 1097 firmata
724 1069 824 1096 virum
843 1074 872 1098 te
889 1068 993 1097 fecerit
1009 1074 1106 1103 aetas,

324 1118 451 1148 Exeruit
468 1123 521 1147 tua
537 1127 569 1147 se
586 1117 694 1151 virtus,
711 1117 836 1154 verique
854 1118 968 1146 laboris

324 1169 462 1197 Fortuna
478 1177 577 1205 usque
593 1168 670 1197 adeo
686 1172 786 1196 totum
803 1168 957 1196 celebrata
975 1177 1026 1204 per
1043 1168 1159 1197 orbem.

323 1218 374 1246 Sic
390 1217 497 1246 oculos
514 1226 565 1246 rex
582 1226 683 1253 pasce,
700 1221 789 1253 urget
807 1218 896 1245 breve
913 1216 1016 1245 labilis
1032 1216 1099 1245 aevi

323 1268 516 1297 Curriculum
535 1276 682 1303 serosque
699 1266 766 1295 seni
783 1276 862 1303 quae
878 1266 1009 1295 lubricat
1025 1275 1127 1295 annos

81 1328 136 1357 250
323 1316 472 1351 Canities,
490 1315 549 1344 nisi
568 1315 630 1343 fors
647 1315 764 1352 primos
782 1315 888 1344 Iolaus
904 1316 942 1344 ad
959 1324 1060 1344 annos

326 1366 368 1396 Ut
385 1365 474 1395 rediit
490 1365 582 1393 dubia
598 1364 689 1393 tectis
707 1364 856 1401 lanugine
873 1364 976 1399 malis,

325 1416 394 1444 Hoc
410 1414 485 1444 caeli
502 1418 611 1446 tractu,
629 1422 705 1450 puro
721 1414 779 1442 hoc
796 1413 911 1442 natalis
927 1419 957 1442 et
974 1414 1088 1442 haustu

324 1465 412 1493 Aeris
428 1464 521 1492 addat
538 1463 617 1490 idem
638 1462 771 1491 Iunonia
788 1464 927 1491 muneris
946 1463 1046 1497 Hebe,

325 1514 364 1542 Et
382 1513 483 1550 plenis
498 1516 647 1540 renovata
664 1511 762 1540 fluant
779 1512 833 1540 tibi
851 1511 988 1540 stamina
1005 1511 1093 1541 fusis.

81 1574 136 1603 255
324 1563 436 1600 Sieque
453 1564 572 1592 utinam
590 1564 712 1592 eveniat
730 1571 849 1591 memor
865 1562 926 1590 ista
939 1562 1085 1590 volubilis
1101 1566 1187 1590 aetas
1202 1562 1207 1589 !

323 1613 425 1651 Quam
441 1618 557 1650 tamen,
573 1615 649 1642 haec
661 1618 811 1649 tanquam
826 1621 986 1649 nunquam
1004 1611 1076 1640 hinc
1090 1611 1244 1640 cernenda
1262 1620 1313 1647 per
1325 1619 1448 1645 aevum,

324 1662 407 1690 Dum
424 1662 494 1691 licet
509 1663 596 1691 hauri
614 1662 712 1691 oculis
729 1661 838 1690 avidis.
885 1661 928 1690 Ut
945 1670 1059 1698 pompa
1076 1661 1215 1689 Deorum

327 1711 443 1740 Invitat
459 1714 463 1740 !
488 1711 657 1748 Neptunus
673 1720 770 1748 equos
787 1710 979 1746 classesque,
996 1710 1102 1738 viriles

324 1760 410 1788 Mars
426 1760 559 1795 animos,
578 1765 760 1797 segetesque
778 1760 880 1795 Ceres,
900 1759 1130 1797 Nymphaeque
1147 1758 1287 1786 salubres

81 1812 138 1839 260
324 1809 410 1837 Dant
426 1809 536 1843 fontes,
552 1809 624 1838 altis
640 1814 669 1838 et
686 1808 816 1837 flumina
834 1808 996 1837 montibus
1011 1813 1088 1841 orta,

325 1858 398 1886 Sive
415 1858 594 1887 Caledoniis
610 1859 773 1887 decurrant
789 1857 914 1893 finibus,
932 1862 1025 1886 aucta

324 1907 492 1944 Grampius
508 1907 584 1936 haec
600 1917 678 1936 cano
694 1917 748 1936 seu
765 1907 879 1936 vertice
895 1906 1014 1940 fundat,
1032 1911 1065 1934 ut
1081 1915 1152 1934 oras

326 1956 459 1984 Lambat
476 1956 670 1986 Abredoniae
685 1956 799 1993 quippe
815 1955 1030 1984 addictissima
1047 1958 1109 1992 regi

325 2005 390 2032 Ista
407 2014 463 2033 suo
479 2010 509 2033 et
526 2005 659 2042 reliquas
676 2015 769 2042 supra
785 2005 924 2034 officiosa
941 2013 1072 2039 sorores,

83 2055 138 2091 265
328 2053 402 2082 Illae
420 2063 518 2090 usque
534 2053 644 2082 officiis
660 2055 796 2083 celebres
812 2053 882 2082 licet
898 2053 1046 2082 omnibus
1061 2062 1184 2082 omnes.

325 2102 396 2131 Vin’
413 2102 526 2132 flores?
549 2103 648 2132 rident
665 2103 745 2131 horti
762 2103 844 2137 hinc,
863 2103 934 2130 hinc
951 2107 1050 2139 prata,
1067 2101 1201 2130 corollas

326 2151 408 2178 Dum
425 2151 558 2179 calathis
575 2161 630 2180 sua
647 2153 730 2180 (lona
747 2152 855 2188 legunt
872 2156 1063 2187 nectuntque
1081 2150 1239 2186 Napaeae.
