1903 2724
93 798 127 817 10

94 1045 126 1074 15

602 204 717 236 JAMES
743 204 937 227 KliNlerix’.

658 285 892 319 ,slrgmnmtunn

290 347 421 374 Carolus
438 346 485 374 hic
503 355 648 380 magnus,
665 345 740 372 nulli
760 345 873 381 pictate
891 345 1056 377 secundus,

293 396 428 424 Nomine
446 396 634 432 praeclarum
653 394 786 423 referens
803 395 970 431 animoque
987 399 1157 432 parentem,

292 445 498 480 Brutigenum
515 449 622 473 contra
639 444 709 472 belli
727 444 777 471 dat
796 445 887 479 signa
905 444 1059 473 rebellem.

292 494 392 522 Milite
409 494 544 530 stipatus
562 494 665 527 Scoto,
684 492 811 521 festinat
828 493 858 520 in
876 493 998 521 hostem
1013 503 1019 527 ;

293 543 471 577 Pugnatum
496 542 592 570 mittit
613 552 662 570 rex
680 542 812 578 plurima
829 551 956 578 corpora
974 543 1043 571 leto.

293 593 420 620 Certant
438 591 671 628 Grampigcnae
688 591 833 619 virtutem
852 591 1015 620 ostendere
1033 590 1134 625 factis,

291 641 532 677 Cacdunturque
548 640 652 673 duces,
668 640 749 668 cadit
766 645 795 668 et
813 639 879 668 sine
897 639 1025 669 nomine
1042 640 1165 677 vulguS.

292 689 401 718 Maiori
420 689 511 726 longe
528 698 657 718 numero
673 689 801 718 victoria
817 690 942 718 tandem

292 739 443 768 Praedoni
459 739 555 768 cedit:
579 744 645 767 tum
663 749 722 773 rex,
741 739 864 775 quando
882 739 991 768 ultima
1007 739 1112 776 cernit,

294 788 406 817 Evadit
422 789 554 817 ducente
574 789 640 817 Deo
657 789 717 817 tela
734 788 812 817 inter
827 794 856 816 et
873 788 980 817 hostes

291 837 411 866 Tutus:
437 843 466 866 et
484 838 656 874 Anglorum
675 838 803 866 latitans
820 837 977 874 paulisper
993 838 1023 866 in
1041 838 1113 873 oris,

292 887 420 923 Cogitur
435 887 526 916 exilia
543 892 572 916 et
589 887 728 916 diversas
744 897 888 924 quaerere
905 893 1010 917 terraS.

294 937 431 973 Navigat
446 937 484 964 ad
502 937 611 966 Gallos
628 937 773 973 primum,
791 937 980 965 Germanica
999 947 1094 974 regna

295 986 374 1015 Dein
393 986 484 1021 subit,
502 986 539 1014 ad
558 986 712 1014 Flandros
729 986 813 1014 venit
830 986 901 1015 hinc
917 987 1119 1022 gratissimus
1137 987 1261 1024 hospes

293 1036 394 1072 Atque
411 1036 494 1064 hunc
511 1035 750 1071 magnanimum
769 1041 926 1071 postremo
945 1037 1116 1065 Hollandia
1134 1046 1237 1073 regem

295 1085 427 1122 Excipit,
444 1085 564 1121 hucque
581 1085 674 1121 viros,
693 1085 824 1113 reditum
843 1085 1031 1122 veniamque
1049 1091 1208 1123 rogante5‚

293 1135 340 1162 Ad
357 1144 460 1171 regem
478 1134 607 1162 mittunt
623 1135 719 1163 lectos
736 1139 801 1162 turn
820 1134 874 1162 rite
893 1134 1046 1164 Britanni.

294 1183 354 1222 Qui
372 1183 458 1217 redit,
477 1188 505 1211 ct
524 1183 601 1211 solio
619 1183 811 1220 sceptrisque
829 1183 947 1219 potitus
965 1183 1058 1212 avitis

296 1233 468 1260 Lusiadum
485 1233 522 1260 de
538 1238 631 1269 gente
647 1232 777 1261 accersit
793 1232 925 1268 denique
942 1242 1102 1269 sponsam.

293 1281 375 1310 Tum
393 1290 467 1310 vero
484 1286 609 1310 aeterno
626 1281 797 1317 iunguntur
814 1280 935 1309 foedera
954 1290 1033 1309 nexu

295 1330 460 1365 Connubii,
479 1330 638 1367 multaque
655 1329 737 1358 canit
753 1339 824 1358 cum
843 1329 933 1358 laude
951 1330 1167 1368 Hymenaeus

493 1470 689 1502 AENEAS
717 1471 1054 1503 BRITANNICUS.

1393 207 1453 238 179

157 1546 214 1570 The
238 1546 335 1569 Acnms
360 1545 528 1568 Britannicus
547 1545 567 1568 is
586 1552 600 1568 a
619 1545 748 1576 Virgilian
767 1550 851 1573 cento,
870 1545 1009 1576 composed
1027 1545 1057 1568 of
1072 1545 1144 1574 lines,
1163 1545 1190 1568 in
1215 1552 1286 1569 some
1304 1552 1377 1568 cases
1395 1544 1458 1574 long

92 1594 222 1618 passages,
234 1587 298 1610 from
311 1587 354 1610 the
367 1585 462 1609 Aeneia!
480 1586 570 1617 pieced
583 1586 708 1616 together.
745 1586 800 1609 The
818 1590 908 1609 nature
926 1586 956 1610 of
971 1586 1013 1609 the
1033 1586 1105 1614 lineS,
1119 1585 1291 1617 accordingly,
1305 1585 1407 1609 renders
1425 1592 1456 1608 an

92 1628 205 1659 analysis
220 1635 403 1658 unnecessary.

298 1686 353 1714 Ille
369 1694 428 1722 ego
444 1685 495 1722 qui
512 1684 670 1721 quondam
688 1684 793 1721 gracili
812 1684 991 1712 modulatus
1008 1693 1108 1713 avena

297 1735 443 1769 Carmen,
460 1743 517 1762 vos
535 1733 680 1770 Druydes
696 1733 824 1761 reduces
839 1743 909 1761 curn
928 1733 1095 1770 Daphnide
1111 1733 1219 1762 dicens

299 1784 437 1820 Optimo,
453 1789 483 1812 et
499 1793 645 1820 egressus
662 1782 760 1818 silvis,
778 1783 828 1820 pia
844 1782 967 1811 foedera
982 1792 1091 1819 regum

295 1833 397 1870 Atque
413 1842 517 1862 sacras
533 1832 630 1861 cecini
647 1832 763 1867 taedas,
781 1841 863 1860 nunc
880 1832 1002 1860 horrida
1020 1831 1132 1860 Martis

379 1882 476 1910 Arma
492 1881 655 1918 virumque
671 1890 759 1916 cano,
778 1881 939 1909 Britannis
962 1881 1080 1918 primus
1097 1881 1135 1908 ab
1151 1881 1214 1908 oris

298 1931 418 1960 Gallica
434 1931 485 1968 qui
502 1930 564 1959 fato
581 1930 731 1968 profugus
748 1930 968 1967 Germanaque
984 1930 1070 1958 venit

299 1981 437 2011 Littora:
461 1981 596 2009 multum
613 1980 663 2008 ille
679 1984 709 2008 et
725 1980 814 2008 terris
830 1979 964 2008 iactatus
981 1985 1011 2008 et
1027 1980 1101 2013 alto,

300 2029 400 2058 Multa
416 2039 538 2066 quoque
555 2034 584 2058 et
601 2029 680 2057 bello
698 2038 821 2066 passus,
838 2028 912 2057 dum
930 2028 1006 2058 forte
1023 2028 1154 2057 rebelles

302 2079 394 2107 Nune
409 2079 533 2107 animos
549 2078 683 2107 mulcere
699 2078 794 2115 cupit,
812 2087 895 2106 nunc
911 2077 1052 2114 frangere
1069 2077 1159 2111 vires,

162 2168 182 2184 1.
200 2160 256 2185 The
274 2161 327 2185 lour
346 2161 478 2191 prefatory
490 2168 576 2184 verses
595 2166 622 2184 to
641 2161 684 2185 the
697 2161 808 2184 Aeneia.-
827 2159 980 2190 recognised
999 2160 1030 2190 by
1046 2160 1165 2183 Donatus
1177 2159 1228 2182 and
1246 2159 1359 2182 Servius.
