1883 2730
442 490 475 518 25

443 735 480 762 30

439 980 475 1008 35

439 1228 477 1253 40

437 1469 473 1497 45

441 1714 477 1741 50

438 1958 473 1985 55

845 204 941 229 MUSA
966 204 1102 228 LATINA
1128 203 1406 228 ABERDONENSIS.

688 285 724 313 In
742 285 873 322 patriam
891 285 964 315 hinc
982 285 1086 315 Pietas
1103 285 1250 322 sequitur,
1267 294 1346 322 quae
1361 285 1493 314 candida
1508 289 1574 313 tota

687 334 770 363 Dum
787 334 885 371 praeit
901 340 930 363 et
949 335 1033 363 molli
1051 334 1132 364 flexu
1149 335 1327 364 moderatur
1342 335 1482 362 habenas

685 383 794 420 Usque
809 383 994 412 Caledonios
1011 383 1166 420 peramico
1184 383 1302 411 lumine
1318 381 1396 410 fines

684 432 838 469 Respicit:
865 437 896 461 at
912 432 1057 461 comitem
1075 432 1191 460 lentam
1210 431 1377 460 Prudentia
1395 431 1476 460 lente

685 481 828 517 Increpat
843 486 936 517 atque
953 481 1032 509 ultro
1048 486 1165 517 quanto
1181 480 1231 509 via
1247 480 1342 517 longa
1358 480 1462 509 labore

685 530 886 566 Corripienda
902 535 1009 558 monet
1024 539 1028 557 z
1055 530 1193 566 sequitur
1210 529 1396 558 Constantia
1412 529 1492 562 diva,

682 579 783 617 Quam
801 578 883 607 fovet
899 579 1044 615 amplexu
1062 578 1182 615 superis
1198 578 1329 607 Astraea
1346 578 1468 608 relictis.

683 628 818 665 Aequior
834 628 908 656 haec
924 627 1006 656 votis
1023 627 1105 656 sistit
1122 633 1307 664 revocatque
1325 637 1455 657 sorores,

726 677 847 705 Interea
864 681 1027 705 accurrunt
1044 676 1198 711 Charites,
1214 677 1390 705 veneranda
1407 685 1544 713 propago

687 724 832 752 Eunonia
849 729 1001 761 prognata
1017 723 1091 752 olim
1107 735 1113 758 ;
1136 734 1190 761 par
1205 725 1352 753 omnibus
1368 730 1467 759 aetas,

684 773 741 801 l’ar
757 773 893 810 specie53
915 773 1037 809 Aglaia,
1055 773 1238 810 Thaliaque,
1256 774 1451 810 laetitiaeque

684 823 888 859 Euphrosyne
905 827 1003 851 mater
1019 822 1115 859 prius,
1132 827 1163 850 at
1180 832 1262 851 nunc
1278 823 1394 851 tristior
1409 833 1498 852 axem

685 872 785 899 Prona
802 871 877 908 petit
895 871 1086 908 supplexque
1103 871 1213 899 humili
1231 872 1274 900 sic
1290 881 1364 900 voce
1382 871 1536 908 profatur:

722 920 846 957 Ergone
861 920 929 948 abis
945 929 1051 957 regum
1069 920 1126 949 flos
1143 921 1232 950 unice
1247 921 1258 949 Ρ
1284 931 1339 950 nec
1355 926 1408 949 tua
1425 926 1547 957 spectas

681 970 803 998 Gaudia
820 975 852 998 ut
868 970 926 998 has
942 979 1012 998 oras
1028 976 1129 999 tecum
1147 969 1278 1007 fugitiva
1295 970 1482 1007 relinquant,

684 1019 746 1047 Aut
762 1019 837 1047 haec
855 1024 960 1047 nostra
977 1019 1090 1056 quibus
1107 1025 1263 1056 permutes
1280 1019 1395 1048 finibus
1412 1029 1484 1048 arva
1501 1019 1511 1048 ?

679 1070 766 1098 Gens
781 1069 877 1097 armis
892 1069 1064 1106 opibusque
1081 1074 1191 1106 potens
1206 1070 1358 1105 adeunda,
1375 1069 1516 1105 fatemur,

682 1118 720 1145 Et
736 1127 829 1154 quam
847 1118 993 1154 temperie
1010 1118 1096 1153 caeli,
1114 1128 1270 1155 quamque
1286 1128 1336 1147 ore
1352 1118 1477 1153 diserto,

679 1168 781 1205 Quam
800 1167 901 1203 specie
917 1167 1057 1203 angelica
1075 1167 1182 1196 melior
1198 1173 1308 1196 natura
1324 1168 1442 1196 bearit:

683 1216 721 1244 At
739 1226 800 1245 non
819 1216 869 1244 iila
886 1216 939 1244 tibi
959 1216 1057 1253 prima
1073 1216 1262 1245 incunabula
1278 1217 1366 1251 lucis,

681 1265 752 1293 Non
770 1264 886 1301 primae
903 1274 1040 1299 usuram,
1057 1265 1174 1302 primos
1191 1275 1252 1293 non
1269 1265 1349 1294 aeris
1365 1266 1499 1294 haustus

683 1313 844 1342 Contulit:
875 1314 932 1341 has
949 1314 1055 1342 laudes
1072 1319 1151 1342 terra
1167 1314 1242 1342 haec
1259 1314 1316 1342 sibi
1334 1314 1470 1343 vindicat
1488 1324 1558 1343 una.

681 1363 720 1390 Et
736 1368 841 1391 tamen
859 1363 938 1391 hanc
955 1362 1099 1400 linquens
1116 1363 1200 1391 illam
1217 1363 1272 1391 tibi
1288 1363 1399 1400 deligis
1416 1373 1521 1392 unam.

686 1412 768 1447 Ergo
784 1421 875 1439 suum
894 1411 982 1440 silvis
998 1412 1111 1448 Aquilo
1128 1411 1294 1440 meditatur
1310 1413 1460 1441 honorem

682 1460 844 1495 Decutere,
861 1465 890 1488 et
910 1460 1068 1497 Dryadum
1087 1469 1214 1489 nemora
1231 1460 1310 1490 inter
1325 1460 1451 1490 frondea
1469 1461 1572 1490 scenis

682 1509 818 1542 Illuvies‚
837 1518 891 1537 nec
909 1514 1068 1545 pastorum
1089 1509 1212 1537 Paeana
1229 1515 1397 1538 canentum

686 1557 826 1586 Naiades
844 1557 946 1586 sociae
964 1558 1029 1595 (per
1045 1563 1074 1586 te
1091 1558 1270 1594 pastoribus
1286 1559 1344 1586 etsi

683 1606 813 1635 Uberior
828 1606 920 1635 solito
937 1607 1066 1644 merces)
1085 1607 1280 1644 pecudesque
1298 1613 1404 1636 suetae

686 1655 853 1683 Luxuriare
871 1655 965 1691 prius,
982 1661 1095 1691 mutae,
1113 1661 1280 1692 mutaeque
1297 1656 1438 1684 volucres

684 1703 817 1732 Aethera
833 1713 910 1740 quae
927 1703 1060 1740 liquidae
1077 1709 1170 1732 cantu
1187 1705 1319 1733 mulsere
1336 1705 1452 1741 peritae

687 1753 766 1780 Cum
785 1758 814 1780 te
832 1762 901 1789 rege
919 1762 992 1781 suo:
1016 1753 1150 1790 Zephyri
1169 1763 1230 1782 non
1248 1763 1321 1782 aura
1338 1754 1482 1789 susurris,

688 1801 759 1830 Non
781 1801 909 1838 strepitu
927 1801 992 1834 rivi,
1010 1810 1073 1829 non
1091 1801 1221 1830 flumina
1237 1811 1394 1831 murmure
1410 1803 1557 1839 gaudent.

681 1850 762 1888 Quin
780 1850 873 1878 etiam
892 1850 973 1878 sama
989 1855 1047 1884 est,
1066 1851 1232 1888 Nymphas
1249 1851 1305 1879 sub
1322 1860 1396 1888 rupe
1413 1851 1550 1880 iacentes

683 1899 754 1927 Non
771 1898 868 1927 vitreo
886 1899 1036 1927 undarum
1055 1905 1147 1928 notos
1163 1900 1221 1928 sub
1238 1909 1391 1928 marmore
1408 1901 1496 1928 lusus

682 1948 814 1984 Fingere
830 1948 876 1976 vel
895 1953 1032 1976 saturare
1049 1947 1131 1985 hyali
1149 1957 1206 1976 sua
1222 1957 1318 1984 pensa
1334 1949 1446 1983 colore,

683 1997 743 2025 Sed
760 1996 912 2025 desiderio
929 1997 1011 2025 lento
1027 1997 1193 2031 tabescere,
1211 2002 1240 2026 et
1257 2007 1355 2034 usque

686 2045 740 2079 Te,
757 2045 901 2074 veniente
918 2046 974 2080 die,
993 2050 1022 2074 te
1038 2045 1204 2074 decedente
1221 2055 1339 2076 vocare.

685 2095 814 2122 l'astum
833 2095 967 2123 aversati
983 2094 1075 2129 cervi,
1092 2095 1265 2131 damaeque
1281 2095 1409 2132 fugaces

687 2145 802 2173 Lucem
820 2149 982 2173 aversante
999 2143 1074 2173 solis
1091 2145 1194 2181 procul
1212 2145 1243 2172 in
1259 2145 1395 2174 dumetis
