1883 2730
468 215 526 254 136
855 222 951 246 MUSA
978 222 1117 246 LATINA
1141 223 1316 247 ABERDON
1324 223 1435 248 ENS1S.

982 302 1086 330 Dmm
1110 303 1313 331 Srnmoxrs.

527 367 627 391 Genere
640 368 739 396 nobilis,
753 368 846 399 insigni
866 368 921 392 zelo
937 368 1029 392 ardens
1048 369 1204 392 Christianae
1223 369 1288 396 fidei,
1306 376 1363 392 cum
1384 368 1534 392 Normando
1552 369 1664 393 Gurlaeo
1682 370 1819 393 eorundem

462 416 589 432 sacrorum
602 409 680 437 socio¹
694 409 786 440 laqueo
803 410 974 440 strangulat-us
987 409 1064 440 inque
1082 417 1172 440 rogum
1192 410 1323 433 ardentem
1343 410 1470 441 proiectus
1489 414 1596 433 mortem
1614 411 1820 434 constantissime

460 449 521 473 obiit
539 457 582 481 pro
600 450 747 474 testimonio
765 451 867 479 Christi,
887 451 949 474 inter
969 451 1144 481 Edinburgum
1163 456 1187 474 et
1208 451 1315 474 Letham
1329 451 1385 474 loco
1403 451 1542 482 conspicuo
1560 451 1632 474 xxvii.
1647 451 1752 483 Augusti
1769 453 1818 476 An.

464 499 532 521 1534·
566 492 610 522 [At
624 491 772 516 Greenside.
808 492 866 523 (See
882 493 999 516 M‘Crie's
1012 493 1094 520 Knox,
1108 500 1131 523 p.
1145 499 1199 522 313.
1238 493 1284 515 For
1299 491 1385 522 family
1399 492 1427 515 os
1444 493 1558 516 Straiton
1571 492 1601 516 os
1618 493 1762 520 Lauristom
1776 501 1818 518 see

461 533 581 562 Jervise's
595 533 741 557 Memorials
757 533 787 563 of
797 535 885 564 Augus
899 534 951 557 and
963 534 1075 561 Mcarns,
1089 541 1128 564 pp.
1143 534 1264 563 371›73l.]
1794 539 1798 542 ·

708 592 780 620 Una
796 591 858 620 tuis
875 601 995 629 semper
1011 601 1069 620 vox
1086 591 1212 621 insonat
1229 592 1364 626 auribus,
1383 591 1468 620 intus

745 640 879 669 Assidue
896 646 1032 669 mentem
1051 640 1260 677 sollicitatque
1277 646 1372 669 tuam.

707 689 791 718 Dixit
807 689 890 718 enirn
908 689 1070 719 Christus:
1091 689 1267 726 quicunque
1286 690 1445 726 negaverit
1462 690 1510 718 hic
1527 700 1587 724 me,

746 737 837 766 Illum
854 747 912 775 ego
929 743 957 766 te
973 748 1075 767 coram
1093 743 1200 767 sancte
1217 739 1337 775 negabo
1357 739 1455 768 Pater.

706 787 792 815 Haec
809 786 867 816 fide
884 787 1020 816 recolens
1036 787 1192 816 condebas
1209 793 1332 824 pectore
1348 788 1449 821 verba,

745 834 903 864 Adiiciens
920 835 1053 864 humiles
1069 836 1157 864 corde
1174 841 1319 872 gemente
1336 845 1449 872 preces

703 883 786 912 Hinc
803 884 897 912 Caelo
914 883 1035 912 firmata
1053 883 1130 912 fides
1147 884 1200 912 tibi
1219 884 1408 921 inauctaque
1425 890 1458 912 ut
1473 885 1560 913 ausis

746 933 805 961 Pro
821 933 901 961 vitae
920 933 1057 961 Domino
1074 933 1182 961 mortis
1198 933 1307 961 acerba
1324 933 1397 970 pati.

702 983 766 1011 Nec
782 991 866 1010 mors
883 991 944 1010 una
960 981 1054 1010 satis:
1078 981 1203 1018 gemina
1219 982 1273 1010 tibi
1291 987 1388 1010 morte
1405 983 1563 1017 tuendum,

741 1030 867 1059 Auctior
883 1040 919 1059 ex
934 1030 1060 1067 gemina
1078 1036 1174 1059 morte
1191 1039 1304 1059 corona
1321 1030 1414 1060 venit.

916 1114 1138 1142 liii-zizowmts
1164 1113 1370 1141 RussrzLLus.

523 1183 604 1206 mirus
621 1181 654 1205 ad
673 1189 762 1211 rogum
782 1189 858 1212 seque
878 1186 902 1204 et
921 1181 1019 1204 socium
1033 1180 1182 1204 Kennedum
1196 1181 1219 1203 in
1234 1185 1314 1204 morte
1333 1180 1502 1211 trepidantem
1520 1181 1674 1209 consolatur,
1687 1181 1814 1205 Glascuae

457 1227 582 1246 crematus
598 1224 658 1252 1538
673 1223 804 1252 (M‘Crie's
819 1223 898 1250 lx'nox,
913 1230 935 1252 p.
951 1229 1012 1251 313:
1031 1222 1126 1252 Tytler.
1142 1221 1211 1245 Hist.
1225 1222 1292 1245 Scot.
1306 1221 1330 1244 ii.
1345 1222 1410 1252 363).

702 1280 821 1308 Ibimus
837 1281 892 1309 hsic
910 1280 984 1308 socii
1001 1290 1061 1317 qua
1078 1289 1136 1308 nos
1152 1280 1203 1308 via
1219 1280 1302 1309 ducit
1319 1280 1348 1308 in
1366 1285 1461 1315 astra,

742 1329 823 1357 Nam
842 1334 925 1366 patet
940 1340 955 1358 e
973 1329 1109 1358 flammis
1125 1329 1225 1358 lucida
1243 1329 1272 1357 in
1289 1334 1374 1357 astra
1390 1329 1448 1358 via.

702 1377 771 1405 Dux
787 1378 876 1406 nobis
893 1378 1046 1407 Christus.
1091 1378 1205 1406 Christi
1223 1388 1307 1407 mors
1324 1388 1384 1406 una
1402 1378 1512 1406 salutis

741 1426 877 1455 Semita:
901 1427 1036 1455 millenis
1054 1427 1205 1455 mortibus
1222 1437 1283 1455 una
1299 1427 1385 1456 satis.

699 1474 738 1502 At
755 1475 854 1503 meriti
872 1485 929 1503 nos
946 1476 1028 1504 mille
1046 1485 1136 1504 neces
1153 1483 1181 1504 et
1198 1475 1328 1504 Tartara
1345 1476 1418 1504 dira.

741 1524 883 1552 Christe!
909 1524 951 1552 tui
969 1530 1018 1553 est
1035 1525 1134 1553 meriti
1153 1534 1273 1561 parcere
1290 1525 1368 1554 velle
1385 1525 1452 1554 reis.

700 1573 807 1609 Usque
824 1573 941 1601 adeone
958 1573 1033 1602 mori
1052 1574 1222 1602 miserum?
1266 1573 1400 1602 Victoria
1417 1583 1501 1602 mors
1517 1579 1565 1603 est

742 1622 813 1651 Una
831 1622 896 1658 piis,
915 1622 1059 1650 Christus
1076 1631 1211 1658 namque
1228 1622 1357 1658 praeivit
1374 1623 1439 1651 iter.

700 1671 780 1709 Quid
798 1671 936 1707 laqueus,
953 1671 1024 1707 quid
1044 1670 1171 1699 flamma
1188 1670 1279 1705 ferox,
1297 1671 1369 1707 quid
1387 1671 1573 1708 Avernaque
1590 1681 1682 1709 regna
1697 1671 1707 1699 ?

740 1719 798 1748 Pro
816 1720 904 1748 nobis
922 1720 1076 1754 Christus,
1095 1729 1162 1753 vos,
1179 1719 1240 1748 fera
1258 1720 1357 1753 turba,
1375 1719 1461 1748 nihil.

1003 1807 1040 1836 N.
1068 1807 1262 1836 Kizwssnus.

648 1873 805 1897 Adolescens
817 1873 865 1896 xix.
879 1880 948 1896 anno
960 1880 1017 1896 cum
1032 1873 1191 1903 Hieronymo
1206 1872 1322 1896 Russello
1334 1877 1460 1896 crematus
1472 1880 1541 1896 :inno
1555 1874 1624 1902 1538.

616 1932 802 1970 Quanquam
820 1931 945 1959 animus
962 1930 1107 1959 flammae
1123 1931 1214 1959 vellet
1230 1930 1374 1959 timuisse
1391 1929 1533 1966 furorem,

657 1980 795 2009 Suaserit
811 1986 840 2009 et
855 1980 956 2009 carnis
973 1980 1016 2008 sic
1033 1980 1170 2008 voluisse
1188 1980 1290 2013 timor,

616 2030 774 2067 (Namque
791 2028 913 2057 infirma
928 2038 999 2058 caro
1015 2034 1071 2057 est.
1117 2028 1197 2067 Quid
1214 2027 1321 2056 enirn?
1369 2028 1442 2057 Non
1460 2038 1531 2057 vera
1548 2028 1706 2058 fatendum
1721 2029 1746 2067 ?)

655 2077 702 2106 Tu
721 2087 779 2112 me,
798 2077 929 2113 Christe,
946 2083 1050 2106 tamen
1069 2077 1257 2106 sustinuisse
1275 2083 1371 2114 potes.

618 2127 674 2154 Est
692 2125 815 2154 infirma
830 2135 909 2155 caro.
955 2126 1014 2155 Sed
1031 2126 1158 2163 spiritus
1175 2126 1280 2155 omnia
1297 2125 1411 2160 firmat,

661 2175 728 2203 Hoc
746 2173 876 2204 faciente
893 2174 988 2204 feram
1005 2175 1087 2212 quod
1104 2174 1248 2204 timuisse
1265 2176 1368 2212 pudet.
