1903 2724
83 360 119 388 50

82 606 117 634 55

83 845 120 870 60

86 1344 122 1371 70

88 1830 127 1856 80

539 221 697 244 quAAM
725 221 989 245 xx'1v21›1›1·31<l³.1'1<N.

326 301 432 330 Gloria
448 311 528 339 quae
545 302 666 339 superis
683 303 810 331 restabit
825 302 835 330 ?
860 303 951 338 quive
968 302 1104 331 minores

326 351 467 380 Reddent
484 352 572 380 laude
589 352 663 380 deos
679 352 824 386 celebres,
842 351 972 380 nobisvc
988 351 1145 379 litabunt?

325 400 442 438 Quodsi
460 401 554 438 (quod
573 401 745 439 perhibent)
762 401 812 429 his
829 400 891 428 sint
908 411 964 429 sua
981 401 1118 437 praemia
1134 400 1238 435 digna.

324 450 387 478 Cnr
404 460 474 485 non,
496 450 619 479 Phoebe
636 456 728 487 pater,
746 450 826 479 divis
842 451 956 478 domus
972 450 1118 478 omnibus
1136 450 1186 478 illa

327 499 495 536 Splendida
515 499 702 528 Kethiadnm
720 500 793 535 (iam
812 499 920 528 multis
937 499 1044 528 ordine
1062 499 1167 527 lustris

327 548 500 576 Nobilitata
516 549 605 577 Cami
623 549 749 577 bellacis
766 549 932 587 sanguine)
949 548 1064 577 curae?

325 597 387 625 Cur
403 607 464 625 non
483 598 541 632 ille,
560 598 672 626 domnis
689 598 858 636 (quondam
875 599 928 635 ah)
945 599 1047 632 decus,
1067 598 1116 626 illc
1134 607 1259 625 suornm

326 646 480 674 Maiorum
498 647 591 675 heroa
609 647 684 675 nulli
703 647 816 676 virtute
833 647 990 676 secundus

328 695 452 724 Heros?
478 696 550 732 quid
568 696 647 724 tristi
666 696 780 733 pateris
797 698 999 725 succumbere
1015 696 1130 724 morti?

328 744 479 780 Regaline
497 745 564 774 ideo
580 746 738 782 quondam
755 746 904 781 dignatus
921 746 1048 779 honore,

328 793 448 828 Prorex,
466 794 531 822 iura
547 795 639 829 dedit,
657 794 786 824 llectcns
803 795 1014 824 moderamine
1031 795 1170 823 habenas

328 843 437 879 Regni,
455 848 500 871 tot
517 844 607 872 seclis
623 849 653 872 et
670 844 751 873 bello
767 850 796 872 et
813 854 887 881 pace
904 844 1063 881 potentis?

324 892 385 920 Aut
403 892 465 928 regi
482 893 622 921 accendit
638 893 746 922 taedas
763 893 900 930 fovitque
917 893 1059 929 iugales?

328 940 463 970 Praefuit
480 947 532 970 aut
551 942 690 971 Boreae?
716 943 807 971 certis
824 952 1004 979 proceresve
1021 942 1132 970 locavit

328 989 469 1024 Sedibus,
487 991 598 1019 illustri
616 1001 719 1027 regem
737 992 882 1027 cingente
898 991 1034 1020 corona?

324 1038 419 1068 Tales
435 1039 548 1076 quiqpe
565 1040 648 1069 vices
665 1046 697 1069 ut
714 1041 809 1070 ferrea
826 1041 889 1069 fata
906 1041 1085 1078 rependant.

328 1088 416 1117 Haec
434 1089 458 1116 si
476 1099 536 1117 non
555 1099 684 1126 superos
700 1095 844 1127 tangunt,
861 1100 923 1118 non
940 1090 991 1118 illa
1009 1094 1146 1118 moveret

328 1138 441 1166 Omnis
458 1138 488 1166 in
506 1139 563 1168 hoc
580 1149 642 1168 uno
659 1140 782 1168 virtutis
799 1140 888 1168 firma
903 1139 1037 1168 catena?

329 1185 411 1214 Nam
428 1187 488 1223 qui)
504 1187 574 1215 aliis
591 1188 698 1222 maior,
715 1189 803 1216 tanto
820 1188 875 1216 fuit
891 1188 1037 1216 omnibns
1053 1187 1137 1216 omni

331 1235 458 1264 Sincera
476 1236 584 1265 melior
599 1237 707 1266 lande:
732 1247 826 1265 unam
845 1247 979 1274 namque
996 1238 1147 1265 bonorum

331 1284 423 1313 Hanc
440 1285 601 1314 hominum
619 1287 774 1323 propriam
793 1296 914 1323 semper
930 1292 1024 1321 ratuS,
1041 1287 1099 1314 hae
1116 1285 1171 1313 sibi
1190 1286 1254 1313 solii

328 1333 450 1362 Gaudia
466 1336 611 1371 captabat
627 1345 716 1372 quae,
733 1336 847 1373 quippe
864 1335 1020 1373 perennia,
1041 1345 1155 1363 saevus

330 1383 401 1412 Non
419 1384 500 1420 ignis
518 1385 658 1421 pelazive
675 1391 790 1422 queant
806 1386 923 1422 agitare
941 1385 1100 1422 procellae.

330 1432 496 1461 Excelsum
514 1434 573 1462 nisi
592 1444 643 1470 per
660 1434 766 1462 fanum
784 1435 928 1468 Virtutis,
948 1433 1085 1462 Honoris

333 1481 426 1509 Haud
444 1483 586 1511 adeunda
603 1483 680 1511 sacri
698 1484 829 1512 ducebat
846 1483 953 1510 limina
970 1482 1088 1518 templi.

332 1530 414 1558 Nam
431 1531 531 1560 decori
549 1531 639 1560 fuerit
657 1532 726 1561 licet
742 1533 806 1561 alto
822 1542 839 1560 a
857 1532 1011 1568 sanguine
1028 1540 1135 1565 regum

331 1579 498 1615 Nobilitas,
516 1582 682 1618 praeclara,
699 1582 793 1610 alieni
810 1582 891 1609 haud
909 1581 1026 1616 indiga,
1045 1581 1143 1608 virtus

331 1629 425 1658 Hunc
441 1640 498 1658 sua
514 1631 642 1660 tollebat
659 1641 752 1668 supra
769 1631 923 1664 mortalia,
942 1630 1069 1658 flamma

328 1678 366 1706 Vi
383 1680 504 1716 propria
520 1686 553 1708 ut
569 1680 668 1716 surgit
683 1681 866 1717 caelumque
882 1685 911 1709 et
929 1679 1029 1708 sidera
1045 1678 1163 1706 lambit.

329 1729 484 1757 Illecebris
501 1739 563 1757 non
580 1730 662 1758 hunc
678 1729 800 1758 blandis
816 1730 966 1758 divertere
982 1728 1075 1761 Galli,

329 1778 518 1807 Germanive
534 1788 644 1807 omnes
662 1784 787 1815 potuere
803 1783 855 1807 aut
872 1778 1011 1814 improba
1028 1778 1145 1810 turbae,

334 1826 450 1855 Italicis
467 1827 596 1856 diffusae
612 1828 684 1862 oris,
701 1828 847 1864 contagia
865 1833 946 1856 recto

330 1876 480 1904 Numinis
496 1886 514 1904 a
529 1878 612 1906 cultu
630 1877 728 1906 solido
745 1882 774 1906 et
790 1877 913 1905 virtutis
929 1886 1043 1904 amore.

335 1924 457 1962 Speque
476 1925 614 1963 Fideque
630 1926 684 1954 alti
701 1936 823 1963 semper
838 1925 974 1955 confinia
990 1925 1066 1954 caeli

332 1974 508 2011 Spectabat,
527 1976 642 2004 mentis
659 1975 827 2004 flammans
844 1976 901 2004 has
916 1976 1006 2003 ardor
1020 1975 1059 2002 ad
1075 1983 1160 2002 arces

331 2023 460 2060 Semper
475 2025 653 2059 anhelabat,
673 2025 791 2062 gelidas
809 2030 842 2052 ut
857 2033 966 2052 cervus
982 2024 1020 2052 ad
1038 2023 1146 2051 undas.

333 2072 504 2107 Magnifica
520 2074 592 2102 hinc
608 2075 650 2102 illi
669 2074 842 2102 molimina.
888 2073 1008 2101 Fraude
1024 2072 1165 2107 maligna

331 2122 467 2155 Sernota,
486 2122 533 2150 ius
550 2122 658 2160 fasque
673 2123 770 2151 animi
787 2123 908 2152 coluere
925 2131 1073 2150 recessus

335 2170 405 2199 Non
423 2171 494 2199 huic
512 2181 600 2208 parca
618 2182 750 2205 manus;
773 2172 934 2200 Charitum
954 2171 1006 2199 sed
1023 2170 1122 2205 gratia
1139 2170 1223 2205 larga

1377 221 1440 251 -1-13
