1903 2724
87 507 123 534 30

88 752 122 780 35

87 998 124 1023 40

87 1241 123 1269 45

89 1487 126 1515 50

91 1731 126 1760 55

90 1969 127 1995 60

571 218 723 241 THOMAS
751 218 953 243 llliMl‘STliR.

332 299 411 327 Lilia
428 307 586 335 percarum
605 297 775 331 insinuant,
797 298 874 334 Lyra
893 304 979 333 grata
997 299 1145 327 Camenis

329 350 426 376 Ornat
444 347 576 383 regalem
594 346 735 375 vernanti
756 347 920 383 Daphnide
938 347 1081 381 frontem,

334 398 371 425 lit
392 397 473 425 Rosa
491 395 629 424 florentis
647 395 797 431 promittit
815 401 953 432 tempora
971 397 1052 424 vitae

332 447 519 474 Intemcrata
536 450 616 477 tuae,
633 454 754 480 semper
771 444 979 479 fragrantibus
995 445 1096 474 annis

330 496 417 533 Quos
434 494 526 529 igitur
542 494 659 525 titulos,
676 503 753 529 quae
771 493 864 528 <ligna
881 494 1023 522 encomia
1041 500 1128 522 tantu

332 543 480 580 Principe,
498 553 576 579 quas
594 543 726 579 primum
744 543 887 578 deposcis
907 543 993 571 Delie
1011 549 1111 580 partes·
1127 544 1135 570 ἒ

334 593 474 621 Illustrcs
490 598 651 620 atavorum
669 596 754 619 ortus
771 597 800 619 et
819 592 920 620 nobile
938 598 1071 620 stemma

331 642 400 669 Sint
417 641 468 669 alii
486 641 536 677 qui
555 640 630 669 forte
647 647 762 668 canant
779 641 949 669 maioribus
965 642 1066 670 orsis:

334 691 459 727 Imperii
477 690 527 727 qui
547 690 650 718 fraena
668 690 715 717 sui
733 690 814 718 iusto
831 690 936 718 ordine
952 697 1075 719 centum

333 741 371 769 Et
388 745 506 776 septem
525 749 640 775 regum,
658 739 768 775 viginti
787 740 910 768 saecula
928 746 1007 768 retro

334 789 427 818 Felici
446 798 546 818 rexere
563 798 670 822 manu,
687 789 774 824 queis
791 789 888 824 gloria
906 790 981 817 solis

334 840 404 867 Non
423 839 626 875 interruptam
645 838 754 866 seriem
773 838 909 866 tenuisse
926 839 1062 874 regendi,

333 888 371 915 Et
389 897 450 916 non
467 893 610 915 externos
628 896 764 923 unquam
782 886 926 915 timuisse
943 886 1067 923 furores,

331 937 430 964 Milite
447 935 577 965 conlisis
595 935 726 972 proprio,
744 935 832 972 queis
848 936 950 963 Gallia
967 937 1056 964 debet

331 986 475 1014 Foedera.
521 985 581 1023 Qui
599 985 687 1022 primi
703 984 837 1021 amplexi
856 994 942 1013 sacra
958 986 1106 1021 dogmata
1124 986 1238 1014 Christi

332 1035 436 1064 Incola
454 1034 541 1071 queis
558 1040 655 1063 terrae
672 1043 764 1070 prope
782 1034 880 1070 portio
897 1034 986 1062 tertia
1004 1041 1127 1064 nostrae

334 1083 502 1113 Succubuit
521 1083 636 1118 Pictus‚
653 1083 755 1111 dubiis
771 1083 822 1119 qui
842 1084 966 1112 Saxona
983 1085 1085 1112 ventis

334 1134 507 1162 Venturum
526 1132 670 1169 pepulere
686 1131 760 1166 acie,
778 1132 977 1169 Gepidaeque
994 1134 1153 1170 Getaeque

333 1182 404 1210 Non
421 1181 487 1209 ausi
505 1186 625 1210 tentare
642 1182 766 1216 vadum,
785 1191 840 1209 nec
856 1187 951 1210 terror
967 1182 1070 1217 Alani,

331 1231 546 1258 Chumnorum
564 1235 617 1258 aut
634 1229 739 1258 feritas
756 1231 863 1267 patriis
880 1231 1024 1259 deterruit
1041 1232 1146 1261 armis.

331 1279 414 1318 Quin
432 1288 511 1316 quae
528 1278 613 1308 fatali
631 1279 781 1316 percussit
798 1279 927 1308 fulmine
945 1281 1096 1308 mundum

330 1329 385 1358 Vis
404 1329 557 1363 Romana,
575 1329 756 1365 aquilaeque
773 1334 884 1364 truces,
902 1329 986 1358 lento
1002 1330 1128 1366 agmine
1146 1330 1253 1358 hastas

333 1378 402 1407 Hoc
418 1379 543 1406 tandem
562 1377 652 1406 fixere
670 1379 745 1411 solo,
762 1384 946 1415 patrumque
961 1384 1084 1407 tuorum

332 1428 386 1456 Vel
404 1427 535 1455 timuere
551 1436 675 1463 manus,
692 1428 739 1455 vel
757 1427 875 1456 amicae
893 1427 1013 1456 foedera
1031 1428 1115 1465 pacis

332 1476 488 1504 Mercatae
505 1475 601 1513 pretio
618 1476 736 1512 ingenti
754 1476 884 1504 divortia
902 1477 973 1504 valli

331 1524 486 1561 Opposito
503 1529 639 1553 statuere
656 1525 738 1561 iugo,
782 1525 896 1553 Verum
915 1525 973 1553 ista
992 1526 1156 1562 loquantur

331 1574 480 1606 Annales,
497 1583 546 1602 me
563 1574 712 1610 propositi
730 1574 807 1610 petit
823 1574 921 1603 orbita
937 1575 1011 1602 voti.

332 1623 433 1651 Aurea
449 1622 587 1651 formoso
604 1623 665 1651 iam
686 1623 799 1651 Parcae
816 1624 952 1651 stamina
969 1623 1020 1652 filo

334 1673 504 1708 Ducebant,
523 1682 593 1701 cum
610 1677 640 1701 te
656 1673 788 1709 genitrix
805 1673 1005 1701 sanctissima
1023 1674 1139 1702 mundo

335 1722 370 1750 In
387 1721 499 1759 Tyrios
515 1723 606 1750 enixa
622 1728 714 1757 toros,
731 1723 877 1759 contagia
894 1723 986 1751 sortis

334 1771 477 1799 Privatae
494 1770 598 1807 sugere
615 1771 729 1807 procul,
747 1771 800 1799 tibi
818 1781 951 1808 purpura
967 1772 1063 1800 vitam

335 1820 565 1856 Imperiumque
581 1820 672 1856 dedit,
691 1821 780 1849 m1les
797 1821 960 1849 iactantior
974 1821 1038 1849 alto

336 1869 470 1897 Sustulit
486 1869 516 1897 in
532 1869 648 1906 clypeo,
666 1878 763 1897 cunas
781 1879 834 1898 seu
852 1879 967 1898 numen
984 1870 1127 1904 adorans,

334 1918 373 1946 Et
391 1918 563 1946 Dominum
580 1918 763 1947 inclamans.
811 1919 872 1947 Sed
889 1918 971 1947 enirn
989 1919 1090 1946 civilia
1106 1919 1255 1955 clangunt

334 1967 421 1995 Bella
437 1968 538 2001 tubae,
557 1967 752 2004 scissumque
769 1967 869 2004 quatit
885 1967 1036 1996 discordia
1054 1977 1192 2004 regnum,

331 2015 380 2043 Tu
396 2016 557 2044 certaturis
573 2016 692 2052 genius,
711 2016 923 2053 pugnantibus
939 2026 1039 2052 augur

333 2064 368 2091 In
384 2065 472 2092 cunis
489 2064 594 2093 rexisti
611 2066 693 2093 acies
707 2075 713 2099 ;
742 2066 856 2102 regalia
873 2065 936 2093 fata

332 2113 372 2141 Et
388 2113 449 2142 divi
467 2115 610 2151 pepulere
625 2115 745 2150 hostes,
761 2115 889 2143 victoria
905 2123 1050 2151 praeceps

330 2163 476 2192 Velocem
495 2163 643 2192 inclinata
659 2165 789 2200 gradum
807 2164 961 2192 cunabula
978 2163 1100 2191 blandis
