1903 2724
72 294 126 322 ²05

72 543 128 561 210

70 787 124 815 2¹5

72 1033 129 1051 220

71 1278 126 1307 225

71 1524 129 1552 230

73 1769 127 1799 ²35

69 2020 126 2045 240

526 204 682 227 WILLIAM
713 204 979 228 xw⁴21›1›121st2131<N.

313 284 450 318 Viscera,
467 290 495 314 et
512 285 647 313 horrenti
665 285 840 321 squalentia
858 294 1011 313 marmora
1030 285 1126 314 vultu.

319 334 468 362 Divarum
487 335 535 362 hic
551 334 666 362 vulnus
682 335 739 362 sub
758 339 861 363 mente
878 335 1030 362 recruduit
1049 334 1166 369 ingens.

314 384 428 412 Verum
446 393 533 421 spem
552 384 638 412 vultu
656 384 850 418 simulantes,
869 384 1013 420 passibus
1031 384 1139 419 aequis

315 433 455 462 Montem
474 439 672 470 praeruptum
692 439 838 470 superant
858 439 1057 469 maestaeque
1075 439 1230 470 pererrant

312 483 398 512 Atria
416 483 562 512 lamentis
579 483 701 512 miseris
719 483 907 512 resonantia.
953 482 1034 511 Toto

317 533 345 560 It
361 533 497 569 gemitus
513 533 608 568 caelo,
627 533 693 562 ferit
709 542 801 561 aurea
819 533 918 561 sidera
936 533 1074 569 plangor.

317 582 424 611 Solum
442 592 532 618 quem
553 583 651 612 Divae
668 584 792 611 voluere
808 582 961 611 cubilibus
976 582 1049 610 altis

315 631 483 660 Inveniunt
501 632 616 661 victum
635 632 802 670 lachrymis
820 632 965 668 luctuque
981 636 1168 667 gementem.

319 681 394 710 Inde
411 681 492 718 prior
509 681 627 719 Sophia
645 682 727 710 hunc
744 681 846 710 verbis
862 682 1029 718 compellat
1047 681 1166 710 amicis.

314 729 430 758 Desine
447 729 507 758 iarn
525 731 662 764 tandem,
680 730 786 765 magni
804 735 835 758 tn
854 739 968 765 magne
985 729 1123 766 parentis

313 777 403 812 Nate,
420 779 514 806 (lecus
531 778 653 815 generis
669 778 842 815 gentisque,
861 780 886 806 ()
905 778 1010 806 desine
1023 778 1128 815 justos

314 827 459 856 Incusare
475 828 561 862 deos,
578 832 630 856 aut
647 827 747 856 tristia
763 828 853 856 corda
869 828 974 856 dolore

315 876 504 905 Exanimare
520 877 605 913 gravi
623 877 766 912 nimium,
785 877 942 913 patrisque
960 878 1067 905 beatos

314 925 434 963 Questu
452 925 574 955 solicito
591 936 701 955 manes
717 926 815 955 excire
833 931 984 963 repostos.

314 974 422 1011 Usque
438 975 555 1004 adeone
573 975 647 1004 mori
667 975 813 1004 miserum
831 975 902 1004 est?
948 975 1074 1003 Adeone
1090 975 1222 1003 dolenda

315 1023 411 1058 Μοτε,
429 1024 511 1052 vitae
528 1024 664 1053 melioris
680 1024 737 1053 iter
753 1034 831 1060 quae
848 1024 955 1061 pandit
973 1025 1119 1061 Olympo,

314 1073 470 1102 Fortunae
487 1073 650 1110 imperium
667 1083 792 1103 caecum
809 1084 888 1111 quae
905 1074 1060 1108 terminat,
1079 1079 1170 1110 atque

313 1122 429 1151 Victrix
445 1123 596 1160 ancipites
612 1133 702 1152 curas
719 1123 775 1151 sibi
794 1124 917 1152 subiicit
930 1133 1049 1157 omnes,

315 1171 457 1200 Mortalis
473 1174 534 1209 qua
551 1172 584 1201 sit
601 1172 702 1209 superi
719 1173 851 1201 conviva
867 1172 1047 1201 Tonantis?

313 1220 412 1259 Quem
430 1220 524 1250 defles
541 1221 670 1258 genitor,
688 1222 764 1250 caeli
782 1231 864 1250 nunc
880 1231 949 1250 arce
967 1224 1111 1258 suprema

317 1269 494 1306 Indigetum
512 1271 643 1307 dapibus
660 1270 768 1300 fruitur
785 1281 968 1307 semperque
984 1270 1108 1299 fruetur.

316 1319 446 1348 Finibus
463 1320 493 1348 in
511 1320 595 1357 regni
614 1320 716 1349 Pharii
735 1320 804 1349 licet
821 1327 905 1348 astra
921 1324 1063 1357 petentes

315 1369 497 1407 Pyramides
513 1376 650 1406 pereunt,
668 1380 702 1398 ac
719 1370 770 1398 illa
788 1370 902 1407 palatia
918 1370 1000 1398 celsa

315 1419 401 1454 Elea,
418 1424 447 1448 et
465 1419 618 1448 Mausolei
637 1419 759 1448 fortuna
776 1419 939 1456 sepulchri,

314 1468 385 1496 Non
402 1473 508 1497 tamen
525 1468 588 1496 ulla
604 1469 679 1503 dies,
697 1469 794 1497 donec
811 1469 856 1497 sol
873 1468 934 1496 ista
950 1468 1068 1502 diurna,

315 1517 475 1545 Nocturna
491 1522 544 1545 aut
563 1517 686 1546 Phoebe
703 1517 846 1546 lustrabit
863 1518 1006 1554 lampade
1023 1523 1128 1552 terras,

313 1566 524 1603 Extinguetve
539 1566 583 1595 tui
601 1576 715 1595 nornen
733 1566 892 1595 minuetve
908 1566 1054 1603 parentis,

313 1615 394 1654 Quin
412 1621 450 1651 te,
469 1616 582 1645 invicte
601 1616 711 1651 Heros,
730 1616 760 1644 in
777 1616 871 1645 caelis
887 1621 916 1645 te
932 1625 1055 1653 quoque
1073 1615 1135 1644 sata

312 1665 504 1702 Exspectant
521 1665 613 1702 paria.
660 1666 782 1694 Interea
798 1671 830 1694 tu
847 1666 972 1694 tramite
988 1670 1070 1693 recto

312 1714 445 1743 Virtutis
461 1714 577 1751 patriae
594 1714 733 1747 illustris,
750 1724 832 1743 nunc
848 1715 926 1743 alter
940 1715 979 1742 ab
996 1714 1049 1743 illo

316 1763 444 1793 Incedes
462 1773 631 1801 pressoque
648 1764 732 1801 leges
748 1763 882 1801 vestigia
898 1773 1018 1801 gressu.

318 1812 364 1841 Te
381 1813 457 1842 duce
474 1819 583 1851 pacato
599 1819 715 1842 crescet
731 1823 809 1850 gens
825 1823 917 1842 aurea
934 1814 1061 1842 mundo.

312 1861 444 1891 Desinet
460 1862 605 1900 impietas
620 1867 650 1891 te
667 1862 801 1900 sospite:
825 1872 900 1900 pura
917 1862 1033 1890 meabit

314 1911 436 1949 Religio
453 1911 482 1940 in
499 1917 621 1941 mentes
637 1911 811 1944 hominum,
829 1911 1036 1948 probitasque,
1054 1909 1200 1947 fidesque.

311 1959 358 1989 Te
374 1961 451 1989 duce
468 1960 625 1990 Palladiae
642 1970 764 1997 semper
781 1960 955 1997 pandentur
970 1959 1121 1988 Athenae.

311 2010 450 2038 Naturae
466 2015 602 2047 pergent,
619 2014 648 2038 te
665 2009 857 2044 Maecenate,
875 2009 1007 2037 latentes

311 2059 401 2088 Vires
417 2063 447 2087 et
463 2068 575 2087 causas
592 2059 722 2088 iuvenes
739 2059 921 2096 dignoscere
939 2058 1067 2091 Phoebi,

314 2107 533 2144 Pieridumque
548 2108 670 2142 cohors,
691 2107 826 2144 Sophiae
842 2117 921 2144 quae
936 2112 1017 2135 tecta
1036 2106 1159 2144 Lycaei,

311 2156 412 2193 Atque
428 2157 525 2185 vireta
541 2156 610 2185 terit
628 2157 759 2191 Suadae,
777 2156 940 2193 Musisque
957 2161 1078 2184 sacrata
1095 2160 1151 2185 est.

1367 207 1430 236 -147
