1903 2724
70 479 126 498 220

73 724 128 753 225

74 971 130 1000 230

77 1215 132 1245 ²35

78 1462 135 1488 ²40

83 1706 138 1735 245

84 1951 141 1980 250

548 192 660 215 DAVH)
687 191 949 215 WEDDERBURN.

311 273 478 311 Linquam,
494 278 525 302 at
542 283 595 302 seu
613 273 722 309 gelidis
740 282 899 310 nunquam
916 272 1042 301 viduata
1059 273 1176 309 pruinis

310 321 393 350 Arva
408 322 520 357 colam,
540 322 656 360 Libyae
672 322 793 350 dabitur
810 331 864 350 seu
881 321 980 350 visere
997 321 1086 355 fines,

313 371 446 400 Arentes
466 371 545 400 sines
563 371 688 409 Libyae,
705 380 760 400 seu
776 370 899 407 gurgite
917 370 1054 408 Scyllam

311 419 474 450 Trinacrio
492 420 654 449 informem
673 425 820 453 metuam,
837 429 968 448 casusve
986 420 1112 448 locusve

312 468 371 506 Qui
389 478 438 498 me
454 478 576 506 cunque
593 474 699 498 manet
715 469 851 503 tandem,
868 473 897 497 te
915 478 1036 505 semper
1052 473 1085 496 ut
1101 478 1160 503 ore,

316 518 367 547 Sic
383 518 490 547 animo
506 518 666 555 excipiam,
684 517 781 555 patria
799 518 824 546 O
842 517 1024 546 dulcissima
1040 522 1154 547 nostra,

317 567 400 596 Hinc
417 577 475 604 ego
491 572 535 596 tot
553 567 659 596 lustris
675 567 845 604 peregrinis
861 567 976 604 hospes
993 566 1022 594 in
1039 566 1102 595 oris

316 617 387 646 Huc
405 617 518 652 studia,
535 617 594 646 huc
610 627 700 646 curas
717 616 829 651 rettuli,
847 622 880 645 ut
895 617 1037 645 tardante
1054 621 1177 645 senecta

314 665 360 693 Ad
379 665 510 702 patriam
528 675 697 694 remearem
714 666 821 694 urbem
838 671 868 694 et
885 665 1040 694 cunabula
1057 665 1165 702 prima.

317 714 484 743 Blanditiis
500 715 581 752 quod
598 724 653 743 nec
670 714 769 751 potuit
788 714 967 749 Germania,
986 715 1066 751 quod
1083 723 1138 743 nec

317 763 443 792 Delitiis
459 763 560 801 potuit
576 764 677 793 delere
693 773 709 792 e
726 769 848 801 pectore
865 769 996 792 maesto.

319 814 402 851 Ergo
417 823 476 849 ego
493 814 554 842 iam
571 814 633 843 voti
651 814 716 852 (sed
734 823 796 842 non
815 813 881 842 sine
897 814 1040 852 numine)
1057 813 1157 842 sactus

316 862 356 891 Et
373 863 489 900 patriae
505 872 643 900 compos,
659 863 748 892 vobis
763 863 910 900 caeloque
926 863 1053 900 soloque

316 911 367 940 Me
384 922 454 940 mea
469 913 617 946 devoveo,
634 918 741 941 nostro
757 922 814 941 vos
830 918 913 941 meta
930 912 1037 947 labori,

317 961 378 990 Hic
393 971 490 995 amor,
508 962 566 990 hae
583 967 708 990 nostrae
726 962 826 991 sedes.
872 961 923 990 Sic
940 961 1022 990 fatus
1039 971 1153 998 opacas

316 1009 351 1037 In
370 1009 466 1038 silvas
482 1009 543 1038 iam
561 1009 655 1039 fertur
670 1019 770 1038 ovans
787 1019 952 1047 sacrosque
969 1019 1122 1045 recessus,

317 1058 544 1096 Excipiensque
561 1069 635 1088 suos
651 1059 744 1088 toties
760 1059 914 1097 totiesque
931 1069 1058 1088 suorum

318 1107 473 1144 Amplexu
490 1114 637 1145 exceptus
653 1113 754 1137 totum
773 1118 805 1137 se
822 1109 935 1146 proluit
952 1109 1066 1137 haustu

320 1156 472 1193 Nectaris‚
489 1158 624 1186 exundat
642 1167 767 1186 summo
782 1167 843 1194 qua
860 1156 1000 1186 fluminis
1015 1157 1114 1192 alveo,

321 1205 548 1243 Ambrosiaque
565 1212 651 1235 satur
668 1207 783 1236 Christi
801 1207 872 1235 hinc
889 1207 1020 1235 conviva
1038 1213 1195 1244 perennat.

361 1254 443 1283 Tum
461 1265 533 1284 vero
549 1255 691 1293 angelica
709 1256 824 1284 laetum
842 1266 962 1293 paeana
977 1266 1030 1293 per
1045 1257 1107 1285 alta

322 1304 409 1333 Atria
425 1305 590 1334 caelicolae
606 1305 783 1334 cecinerunt
799 1315 884 1341 voce,
902 1306 1036 1334 verendo

324 1354 363 1382 Et
381 1354 541 1383 christum
559 1355 590 1383 in
607 1355 685 1383 solio
702 1355 889 1384 residentem
907 1355 964 1384 hac
981 1355 1070 1384 laude
1086 1356 1252 1385 celebrant.

363 1403 496 1439 Christe,
512 1404 600 1440 quies
617 1404 750 1440 animae,
769 1404 928 1442 solemque
945 1405 1089 1442 diemque
1105 1415 1231 1442 perenm

322 1451 456 1480 Lumine
474 1452 526 1481 Sol
544 1462 704 1490 superans,
724 1463 829 1490 regum
848 1463 898 1482 rex
914 1454 1059 1488 maxime,
1076 1455 1157 1482 vasti

322 1501 423 1539 Quem
441 1510 537 1538 penes
554 1511 650 1530 unum
667 1503 750 1530 orbis
766 1502 874 1537 fasces,
893 1508 1019 1532 nostrae
1036 1513 1098 1531 una
1115 1503 1225 1532 salutis

320 1550 476 1587 Anchora‚
493 1560 551 1579 nos
566 1551 642 1580 caeli
660 1561 818 1580 summam
836 1552 916 1580 hanc
933 1552 1044 1589 quibus
1061 1552 1175 1581 annuis
1191 1562 1292 1581 arcem

324 1599 496 1628 Pendimus
512 1610 549 1629 en
567 1606 670 1638 grates
686 1601 823 1636 meritas,
841 1602 922 1638 quod
939 1602 1092 1638 sanguine
1109 1602 1199 1631 nobis

326 1648 418 1677 Parta
435 1650 521 1678 salus
537 1659 629 1679 casus
647 1651 739 1679 sortis
756 1651 906 1688 superarit
923 1651 1056 1688 iniquae,

325 1698 477 1736 Quodque
492 1698 584 1728 istam
605 1699 722 1728 Liddeli
739 1700 877 1728 animam
895 1705 948 1728 tua
963 1700 1062 1737 gratia
1078 1701 1160 1730 vitae

326 1747 464 1784 Perpetis
482 1757 550 1776 esse
566 1749 640 1777 velit
656 1754 842 1783 consortem,
859 1759 920 1786 qua
936 1750 1012 1778 duce
1029 1750 1127 1779 sancti

329 1795 453 1833 Imperii
469 1797 524 1825 tibi
540 1797 649 1826 crescit
664 1807 751 1834 apex,
769 1798 969 1835 studiosaque
983 1799 1079 1835 pubes

325 1845 404 1882 Spes
420 1845 524 1883 gregis
541 1846 593 1874 illa
609 1846 654 1875 tui
671 1856 819 1875 numeros
835 1847 908 1875 dum
924 1848 1079 1884 compleat
1094 1857 1214 1883 omnes,

326 1894 362 1922 In
379 1894 574 1932 nihilumque
589 1895 697 1925 hostes
714 1896 858 1933 redigens
873 1902 906 1925 tu
923 1897 1000 1925 elisa
1016 1896 1148 1925 ferorum

327 1943 450 1971 Arduus
467 1953 502 1972 ex
519 1944 597 1973 solio
613 1945 786 1981 pessundes
803 1945 882 1973 colla
898 1946 1076 1974 draconum.

367 1992 418 2021 Sic
435 1993 534 2021 sancti
551 1993 689 2022 cecinere
706 1994 789 2022 chori
807 1994 985 2023 discrimine
1001 2004 1112 2023 vocum

327 2041 508 2078 Septuplici,
526 2043 663 2079 sequitur
679 2043 790 2072 domus
806 2043 1032 2080 omnipotentis
1049 2044 1175 2081 Olympi

322 2091 468 2126 Alternis,
486 2092 683 2129 citharaeque
700 2102 809 2127 novae,
826 2102 907 2121 nova
924 2091 984 2127 fila,
1003 2093 1156 2129 tubaeque

324 2140 461 2177 Clangor
477 2145 507 2169 et
523 2146 683 2170 aeternum
701 2141 875 2178 reparantia
891 2142 1034 2178 cymbala
1049 2151 1183 2171 carmen.

1282 2199 1356 2223 AAA
