1903 2724
63 266 101 292 60

58 1008 92 1037 75

55 1244 93 1271 80

54 1744 91 1770 90

51 1987 86 2016 95

544 181 656 204 mvn)
682 181 746 205 WE!
755 182 772 204 ‘l
783 181 944 205 ffiRssffltN.

310 263 392 291 Hinc
411 272 479 292 sese
495 263 675 300 expandunt
694 263 832 300 spatiosa
849 273 900 299 per
916 263 993 291 atria
1009 263 1106 291 donec

309 313 375 340 Lux
393 312 515 340 infirma
533 311 696 340 hominum
715 312 927 348 perstringens
944 312 1062 340 lumina
1081 312 1205 340 tandem

306 361 421 389 Fundit
439 361 616 390 inaccessas
632 360 717 389 aurai
736 360 886 397 simplicis
903 370 982 389 oras.

306 410 474 447 Postquam
493 420 566 446 ergo
583 410 612 438 in
633 410 746 439 Divum
765 410 890 438 Christo
907 410 1101 447 splendentia
1119 416 1198 438 tecta

306 459 502 493 Perventum,
521 465 652 495 pascunt
669 459 837 496 oculosque
853 459 1039 495 animosque
1055 460 1170 487 tuendo

304 508 485 537 Caelicolae.
532 508 591 536 Hic
609 518 680 536 vero
697 518 787 544 supra
805 517 916 536 omnes
933 508 1011 536 laeta
1030 517 1150 536 sorores

306 557 423 586 Urania
441 557 489 585 his
506 560 640 593 Superos
656 557 823 593 compellat
840 557 968 585 vocibus
985 557 1084 586 ultro:

345 607 459 635 Nostro
477 611 562 643 parta
579 606 703 642 quidem
723 605 843 642 requies
859 611 1047 642 aeternaque
1064 615 1182 634 merces

306 656 453 688 Lidde10;
480 657 531 684 scd
549 665 618 684 cum
637 655 740 683 varios
756 661 925 692 coetusque
941 655 1114 691 chorosque

303 705 432 733 Caelum
450 705 573 738 habeat,
591 704 745 741 variisque
761 704 936 732 animarum
954 704 1051 739 gloria
1068 704 1153 732 caelo

303 754 456 789 Assurgat
473 753 630 789 gradibus,
648 763 708 790 qua
725 753 765 781 sit
783 753 908 788 regione
924 753 1075 781 locandus

305 803 462 836 Liddelus,
480 812 527 831 res
544 802 702 839 ambigua,
719 808 749 830 et
767 808 871 830 tamen
891 802 950 830 ista
968 802 1082 830 laboris

304 852 378 879 Pars
395 851 504 886 facilis,
523 851 637 880 nostris
654 853 746 880 modo
764 851 801 879 sit
820 861 875 879 sua
893 851 990 887 gratia
1009 851 1118 879 verbis.

304 901 358 929 Ille
374 901 498 937 quidem
516 910 533 928 a
550 901 665 929 teneris
681 910 751 929 mea
767 910 904 928 maxima
920 910 992 928 cura
1007 911 1012 931 ;
1037 900 1192 929 Mathesis

303 951 446 987 Namque
465 950 524 979 situ
543 959 685 979 marcens
700 960 770 979 cum
789 950 848 978 iam
867 951 1008 985 neglecta
1026 950 1148 984 iaceret,

304 999 396 1027 Hunc
414 1000 516 1035 procul
535 1010 551 1028 a
569 999 667 1036 patria
685 999 780 1036 rapidi
799 1008 891 1036 prope
909 1000 996 1027 littus
1013 1000 1131 1028 Oderae

303 1049 410 1082 Eduxi,
428 1054 457 1077 ct
475 1058 622 1077 numeros
639 1048 727 1077 docui
745 1049 908 1085 variasque
926 1048 1053 1084 figuras,

301 1099 338 1126 let
355 1108 416 1134 quo
432 1107 571 1134 quaeque
588 1099 655 1126 loco
673 1097 765 1133 regio,
782 1107 861 1134 quos
878 1097 1005 1126 stellifer
1020 1098 1087 1125 axis

299 1146 454 1175 Circuitus
472 1147 594 1181 habeat,
612 1147 725 1183 quibus
742 1152 770 1175 et
788 1147 984 1183 splendescat
1001 1147 1038 1175 ab
1055 1147 1156 1175 astris.

301 1195 384 1223 Hinc
401 1195 442 1223 illi
461 1195 591 1224 surrexit
608 1196 708 1224 honos
725 1195 909 1229 immensus,
928 1205 1084 1232 opumque

300 1244 354 1272 Vis
370 1253 405 1272 ea
423 1254 483 1281 qua
500 1245 632 1281 patrium
652 1250 825 1273 memorant
842 1245 958 1273 ditasse
976 1245 1142 1282 Lycaeum.

303 1294 341 1321 At
359 1303 419 1330 quo
435 1293 588 1322 consilio?
614 1303 725 1330 nempe
742 1299 774 1322 ut
790 1294 903 1331 quibus
919 1294 1037 1322 artibus
1054 1294 1139 1323 illum

300 1343 403 1377 Evexi,
422 1344 479 1371 has
495 1343 616 1372 vicibus
632 1343 729 1379 gratis
746 1343 855 1372 iterum
873 1344 985 1372 evehat
1001 1349 1091 1373 artes.

300 1392 425 1420 Nostris
441 1401 514 1428 ergo
530 1392 633 1421 choris
650 1398 792 1421 nostrum
809 1393 891 1421 hunc
907 1393 1080 1428 adscribite‚
1099 1393 1163 1422 vita

298 1441 401 1469 Altera
419 1441 553 1478 quidque
569 1441 611 1469 illi
630 1441 745 1478 peperit
762 1441 856 1470 decus
873 1442 970 1470 altera
987 1447 1097 1470 servet.

341 1490 427 1518 Haec
445 1490 513 1518 illa:
536 1500 571 1518 ac
587 1495 693 1519 contra
712 1490 755 1519 sic
772 1490 871 1519 fronte
890 1491 1034 1528 Hygiaea
1051 1492 1204 1529 benigna:

298 1539 418 1568 Cuncta
436 1539 572 1576 quidem,
590 1545 622 1567 ut
640 1549 688 1568 res
704 1545 759 1574 est,
777 1549 862 1568 soror
879 1541 905 1569 O
922 1540 1094 1570 carissima.
1141 1541 1238 1570 Laudi

300 1587 440 1616 Detraho
457 1597 512 1616 nec
529 1588 698 1626 quidquam
716 1588 854 1623 meritae,
872 1589 975 1625 procul
992 1589 1096 1617 omnis
1112 1590 1222 1618 abesto

298 1637 400 1672 Livor,
418 1642 448 1665 et
463 1637 624 1666 aethereas
641 1647 727 1666 amor
744 1647 842 1674 usque
859 1638 917 1666 has
934 1638 1047 1667 incolat
1063 1648 1158 1668 arceS.

296 1687 336 1714 At
353 1687 465 1723 quibus
482 1687 617 1716 emineat
635 1687 782 1724 gradibus
799 1696 891 1724 supra
909 1687 960 1716 illa
976 1688 1150 1724 Sophorum

296 1735 434 1772 Agmina
450 1745 528 1772 quae
544 1737 680 1772 decoras,
698 1745 760 1764 non
778 1741 808 1764 te
824 1735 911 1773 fugit,
929 1736 1068 1771 arbitror,
1086 1747 1121 1766 ex
1138 1747 1198 1774 quo

296 1785 414 1813 Claruit
430 1785 479 1813 hic
496 1785 613 1814 medic&
630 1784 791 1814 redimitus
808 1790 948 1822 tempora
965 1786 1059 1816 lauro.

299 1833 367 1861 Hoc
384 1843 439 1862 nec
457 1834 556 1862 Odera
572 1834 685 1868 amnis,
704 1834 793 1862 sinus
809 1834 867 1863 hoe
883 1844 939 1863 nec
957 1835 1096 1863 Balticus
1113 1844 1183 1864 oras

296 1884 366 1920 Qua
382 1882 465 1910 lavat
482 1882 619 1911 obiectas
637 1883 746 1917 nescit,
765 1892 820 1912 nec
836 1883 951 1912 desinit
968 1883 1037 1912 inde

296 1931 447 1960 Summus
464 1932 574 1966 honos,
592 1932 617 1959 si
635 1941 819 1969 magnorum
837 1933 996 1961 ducendus
1012 1933 1121 1962 honori

295 1979 474 2016 Principum
491 1990 588 2015 amor,
608 1981 633 2009 si
651 1986 697 2009 tot
712 1981 873 2010 doctorum
892 1987 978 2017 parta
993 1982 1129 2010 virorum

294 2029 410 2063 Gratia,
428 2029 475 2057 vel
493 2029 517 2057 si
535 2039 625 2066 quem
644 2030 757 2058 tollunt
775 2036 979 2058 monumenta
995 2035 1041 2058 tot
1057 2030 1111 2058 alti

295 2078 426 2114 Ingenii,
443 2078 555 2115 quibus
572 2079 622 2107 ille
639 2088 750 2116 graves
766 2079 958 2116 distinguere
974 2078 1073 2108 febres

294 2126 460 2161 Admonet,
478 2136 513 2155 ac
530 2127 678 2156 alimenta
696 2127 815 2156 homini
833 2138 911 2164 quae
926 2128 1091 2156 commoda
1108 2128 1208 2163 tellus,

1361 177 1400 214 36

1409 183 1420 192 1

1407 194 1420 215 3
