1883 2730
423 223 486 260 238
817 228 912 253 MUSA
938 227 1073 252 LATmA
1100 225 1379 251 ABERDONENSIS.

626 310 730 347 Ecqua
748 310 804 339 soli
822 309 914 339 facies
929 309 940 338 ?
985 309 1065 348 Quid
1083 318 1144 338 non
1161 307 1382 345 lachrymabile
1398 305 1517 335 restat?

425 369 482 396 270
626 359 706 397 Quid
724 358 796 388 fletu
813 358 970 388 vacuum?
1016 358 1094 396 Quis
1109 357 1192 386 enim
1209 357 1278 394 quis
1294 355 1408 385 ferreus
1425 355 1494 384 udis

625 407 790 444 Temperet
807 418 823 435 a
840 407 1030 444 lachrymis?
1076 407 1154 445 Quis
1170 406 1278 434 acerbo
1294 404 1380 433 frena
1395 404 1491 433 dolori

627 456 747 485 Iniiciat
764 456 841 484 tanti
858 456 1029 484 truculenta
1046 455 1076 483 in
1093 460 1190 484 morte
1207 453 1347 491 magistri
1361 453 1372 481 ?

118 524 270 548 Miserabilis
283 531 363 547 rerum
625 505 768 542 Adspicis
784 511 817 535 ut
834 505 1005 542 ferrugineo
1022 506 1142 534 velatus
1158 504 1272 533 amictu

117 557 194 580 facies
207 557 231 594 in
245 562 326 580 mone
624 554 756 583 Tristior
774 555 849 583 Eois
868 555 1012 583 Phoebus
1028 559 1195 590 consurgat
1212 554 1249 581 ab
1265 552 1380 581 undis?

118 590 247 613 Prae-sulus.
425 614 479 641 275
624 603 770 640 Adspicis
786 603 946 632 horrendis
963 608 995 631 ut
1011 602 1198 632 circumfusa
1214 601 1348 631 tenebris

627 652 750 681 Moesta
767 652 966 681 subobscuris
984 652 1108 680 Phoebe
1124 656 1215 688 caput
1232 650 1343 679 occulit
1360 649 1478 678 umbris

628 701 759 729 Pullatis
777 701 898 730 invecta
915 701 1012 729 rotis?
1059 701 1161 736 thue
1177 699 1268 728 anxia
1285 699 1360 728 caeli

628 749 735 778 Sidera
753 749 886 778 sollicito
903 754 1033 778 renuant
1052 758 1107 777 sua
1126 749 1243 777 lumina
1259 747 1398 776 mundo?

625 799 734 826 Cernis
751 804 784 827 ut
799 798 952 835 oppositis
968 807 1091 826 carmen
1110 797 1330 835 lachrymabile
1346 796 1448 825 ventis

421 851 478 878 280
622 847 751 876 Accinat
769 847 905 883 indignis
924 847 1029 876 Pallas
1045 847 1193 876 comitata
1210 845 1381 875 Camenis?

626 897 729 933 thue
745 897 957 925 Athamanteo
974 896 1035 924 iam
1053 896 1169 932 pridem
1188 895 1320 932 percitus
1336 900 1439 924 oestro

623 945 759 982 Spumea
775 955 906 974 arenoso
925 945 1045 974 Nereus
1061 945 1119 973 ciet
1135 954 1271 981 aequora
1288 943 1392 978 fundo,

622 994 760 1024 Adverso
777 996 924 1023 adversas
941 995 1131 1023 conturbans
1149 993 1263 1022 vortice
1280 994 1379 1022 moles
1394 993 1404 1020 ?

622 1044 767 1081 Adspicis
785 1049 817 1073 ut
834 1044 931 1072 nimio
947 1048 1130 1081 rumpantur
1147 1052 1221 1071 saxa
1239 1043 1340 1076 boatu,

422 1096 476 1132 285
624 1093 817 1129 Horridaque
835 1093 979 1129 indignas
996 1098 1136 1129 repetant
1152 1097 1184 1120 ut
1200 1097 1340 1120 monstra
1356 1090 1527 1119 cavernas?

628 1143 731 1178 thue
747 1143 784 1170 ad
802 1143 1025 1179 hyperboreum
1043 1147 1170 1178 torpens
1187 1141 1317 1169 balaena
1335 1140 1454 1169 Booten

631 1191 762 1219 Horrida
778 1192 927 1219 continuo
942 1191 1107 1220 convolvat
1124 1195 1247 1227 pectora
1264 1190 1398 1226 planctu,

631 1241 750 1276 lipotas
767 1240 883 1276 patulis
899 1239 1008 1268 efflans
1024 1249 1040 1268 e
1057 1239 1184 1267 naribus
1200 1237 1324 1267 undas?

628 1289 772 1325 Adspicis
790 1294 821 1317 ut
839 1289 979 1317 tremulis
995 1293 1125 1317 mortem
1144 1287 1354 1324 prognosticet
1370 1287 1428 1315 alis

429 1351 486 1377 ²90
633 1338 829 1375 llalcyonum
849 1338 1044 1375 lachrymosa
1061 1338 1180 1371 cohors,
1199 1342 1293 1374 utque
1309 1336 1434 1372 agmine
1451 1335 1531 1363 sacto

633 1388 766 1415 Imbrem
784 1387 978 1423 hiememque
996 1387 1094 1415 ferant
1112 1387 1228 1414 mundo
1245 1386 1427 1421 tristemque
1444 1384 1562 1412 ruinam
1577 1383 1587 1411 ?

634 1437 736 1472 thue
753 1436 887 1473 impulsa
904 1436 988 1471 gravi
1006 1445 1105 1464 rerum
1124 1440 1233 1464 natura
1250 1435 1353 1464 dolore

631 1485 706 1513 Visa
723 1485 762 1513 sit
780 1485 924 1513 immensi
943 1494 1075 1514 reserare
1093 1484 1238 1521 repagula
1255 1483 1361 1512 mundi
1378 1482 1388 1510 ?

122 1552 263 1582 Alloquitur
272 1551 327 1581 pios
633 1535 784 1569 Indigites
801 1535 918 1563 salvete
935 1535 1068 1569 umbrae,
1087 1534 1172 1562 salve
1188 1543 1278 1562 auree
1295 1537 1398 1570 myste

123 1585 246 1608 Prae-stilis
259 1592 354 1607 manes.
432 1594 486 1622 295
634 1583 794 1615 Divorum,
814 1583 879 1611 irati
897 1593 987 1620 quem
1007 1584 1090 1610 nulla
1107 1583 1233 1610 sinistra
1249 1581 1371 1617 subegit

631 1632 685 1660 Vis
703 1631 813 1668 pelagi,
831 1641 885 1660 nec
902 1631 999 1659 tristis
1019 1631 1129 1665 hiems,
1147 1640 1201 1659 nec
1218 1630 1331 1659 torrida
1349 1629 1458 1658 Cancri

631 1680 770 1714 Brachia,
788 1689 842 1708 nec
859 1679 927 1708 sorti
945 1680 1101 1716 superavit
1119 1679 1217 1708 Sirius
1233 1684 1338 1707 aestu:

631 1730 729 1767 Quem
748 1729 832 1756 nulla
849 1738 1000 1758 annorum
1020 1729 1121 1763 series,
1140 1737 1195 1757 nec
1211 1737 1277 1756 sera
1295 1728 1441 1756 tacebunt

633 1778 741 1806 Saecla
758 1777 930 1813 hominum,
949 1778 1060 1806 tacitos
1077 1778 1202 1806 volvent
1219 1777 1292 1805 dum
1310 1777 1409 1805 sidera
1425 1785 1543 1811 cursus,

430 1840 488 1868 300
632 1827 764 1863 Altaque
779 1828 851 1855 (lum
870 1826 973 1856 refluis
991 1827 1113 1855 Phoebe
1129 1826 1339 1855 dominabitur
1355 1825 1455 1854 undis.

479 1904 592 1928 273-275.
806 1899 820 1909 ¹⁶
833 1896 916 1919 When
927 1896 970 1919 the
983 1895 1152 1926 grcy-hooded
1166 1895 1235 1918 Even

756 1937 818 1960 Like
831 1944 845 1960 a
857 1936 901 1960 sad
912 1937 1015 1960 votarist
1029 1936 1052 1959 in
1067 1936 1183 1967 palmer's
1195 1935 1271 1962 weed,

756 1978 822 2001 Rosc
835 1978 898 2001 from
911 1977 954 2000 the
967 1977 1094 2000 hindmost
1107 1977 1201 2000 wheels
1213 1977 1240 2000 os
1253 1976 1369 1999 Phaebus·
1383 1976 1448 1999 wain
1457 1975 1470 1985 ''
1485 1975 1593 2006 (Comus,
1610 1977 1731 2007 188-190).

480 2027 593 2050 273-293.
613 2020 641 2042 In
655 2019 725 2042 these
737 2026 860 2042 sonorous
873 2018 945 2046 lines,
958 2019 983 2041 in
997 2018 1038 2041 the
1051 2018 1106 2041 vein
1120 2017 1149 2041 os
1159 2017 1254 2043 Lucan.
1270 2017 1353 2040 Leech
1367 2017 1387 2039 is
1401 2024 1459 2040 seen
1473 2021 1498 2040 at
1511 2016 1549 2039 his
1562 2016 1623 2040 best.

482 2064 536 2084 251.
556 2061 686 2086 Athamas,
700 2060 742 2082 the
756 2059 843 2082 insane
856 2059 937 2083 father
949 2059 977 2083 os
989 2058 1094 2082 Phrixus
1106 2058 1155 2082 and
1170 2058 1245 2081 llelle
1258 2057 1338 2087 (Ovid,
1352 2057 1435 2085 Fasti,
1447 2057 1478 2080 vi.
1492 2057 1556 2087 489).

482 2104 536 2125 282.
555 2101 612 2129 ciet,
626 2100 710 2126 indic..
723 2101 820 2130 though
834 2101 866 2124 all
880 2100 951 2124 verbs
970 2107 1011 2123 are
1028 2099 1090 2130 subj.
1102 2108 1108 2128 ;
1127 2099 1236 2129 through
1249 2097 1375 2122 influence
1388 2098 1417 2122 of
1427 2097 1556 2122 borrowed
1569 2097 1618 2121 line
1631 2099 1709 2129 (Virg.
1726 2101 1788 2124 Aen.

435 2143 458 2166 ii.
471 2144 534 2173 419).

485 2185 539 2212 296.
559 2183 656 2208 Caneri,
669 2183 726 2211 sign
740 2182 764 2204 in
778 2182 874 2210 zodiac,
887 2182 912 2204 in
925 2182 1008 2206 which
1021 2182 1062 2205 the
1074 2189 1119 2205 sun
1133 2181 1154 2203 is
1165 2185 1190 2204 :u
1203 2188 1312 2203 summer
1325 2180 1434 2204 solstice.
