1883 2730
467 222 506 253 72
857 217 957 242 MUSA
980 216 1121 240 LATINA
1144 211 1437 238 ABERDONENSIS.

750 299 947 336 Melpomene
963 295 1098 334 querulis
1114 293 1237 323 fletibus
1252 302 1304 322 ora
1321 292 1409 328 rigat.

469 361 502 389 15
709 349 749 376 Et
765 348 826 376 iarn
844 356 906 375 non
923 345 1005 383 potis
1020 346 1104 373 hunc
1119 348 1241 372 tantum
1259 350 1402 378 superare
1417 340 1555 368 dolorem

750 396 894 433 Ingemit,
911 401 941 424 et
958 395 1156 432 lachrymans
1172 391 1246 420 talia
1263 400 1337 419 voce
1354 388 1444 417 refert
1460 398 1465 416 z

709 445 828 475 Occidit
844 444 1042 473 Abredonum
1061 441 1186 470 Praesul
1206 439 1380 472 ForbesiuS,
1397 437 1508 473 hisque

749 494 884 523 Vocibus
902 493 931 521 in
948 492 1058 521 mediis
1074 492 1155 519 victa
1171 490 1273 518 dolore
1290 488 1368 516 silet.

710 543 909 580 Ingeminant
927 542 1036 570 Musae
1053 541 1227 577 lachrymas
1243 543 1272 566 et
1289 542 1409 574 pectora
1427 535 1590 572 plangunt,

469 606 505 624 20
749 592 830 620 Tuta
847 601 902 620 nec
917 601 935 619 a
951 589 1057 626 digitis
1073 599 1125 618 ora
1141 587 1223 616 fuere
1241 587 1315 615 suis.

709 642 790 681 Quid
807 641 922 670 vixisse
939 640 1032 674 iuvat,
1049 638 1193 671 clamant,
1211 636 1283 673 quid
1299 635 1393 663 libera
1411 634 1487 662 satis

749 691 829 725 Vita,
847 690 918 727 quid
935 694 1076 718 aeternas
1093 686 1225 724 proderit
1241 694 1311 714 esse
1327 685 1402 712 deas
1416 683 1426 711 ?

711 740 781 768 Non
799 740 897 768 honor
911 744 967 773 est,
985 738 1036 766 sed
1053 746 1134 765 onus
1149 735 1213 763 vita
1228 734 1304 762 haec
1320 733 1440 761 laesura
1457 730 1596 765 serentes,

751 789 896 817 Solamen
915 786 1035 815 miseris
1052 790 1099 814 est
1115 784 1253 821 potuisse
1270 782 1357 810 mori.

469 849 503 878 25
710 838 854 866 Phoebus
870 836 942 864 item
961 834 1096 872 querulis
1112 831 1281 869 lachrymis
1297 835 1428 859 testatur
1445 837 1594 862 amorem,

750 887 790 914 Et
807 885 930 922 penitus
947 883 1018 912 fletu
1035 882 1168 911 vincitur
1184 881 1249 917 ipse
1266 888 1332 908 suo.

710 937 834 965 Solatur
850 935 979 962 miseras
995 939 1110 964 tamen,
1126 936 1155 960 et
1174 928 1378 959 Permessidis
1395 927 1476 956 unda

749 983 872 1012 Amotis
889 980 1057 1018 lachrymis
1073 979 1146 1008 talia
1162 979 1243 1006 dieta
1259 977 1351 1006 dedit.

711 1033 832 1062 Scilicet
849 1031 985 1059 infausto
1001 1029 1091 1058 nobis
1108 1027 1257 1065 processit
1274 1026 1418 1063 Olympo,

468 1096 505 1123 30
751 1082 837 1120 Quae
854 1085 976 1108 tantum
994 1078 1081 1107 terris
1098 1076 1225 1105 abstulit
1242 1076 1315 1104 hora
1332 1074 1441 1103 virum.

712 1132 789 1168 Spes
806 1133 946 1166 superest
963 1127 1105 1155 animosa
1122 1131 1245 1154 tamen:
1270 1133 1342 1152 nam
1360 1122 1520 1159 splendida
1536 1121 1626 1150 claris

752 1178 890 1214 Ingeniis
908 1187 968 1205 non
986 1181 1032 1205 est
1049 1176 1121 1204 orba
1138 1174 1241 1202 relicta
1257 1174 1378 1201 domus.

710 1228 793 1257 Vivit
810 1232 901 1255 natus
917 1226 1028 1259 adhuc,
1046 1223 1151 1259 magni
1169 1232 1240 1260 spes
1255 1223 1351 1250 altera
1369 1220 1474 1258 patriS,

752 1277 959 1312 Solamenque
976 1274 1047 1302 mali
1065 1273 1149 1301 vivat
1165 1277 1193 1301 et
1210 1277 1282 1308 opto
1299 1271 1358 1299 diu.

1258 1319 1396 1348 Ponebat
1419 1327 1563 1346 moerens

1026 1371 1198 1400 Alexander
1216 1370 1346 1405 Downy,
1366 1366 1585 1404 Philosophiae
1603 1365 1777 1394 studiosus.

535 1459 554 1482 1.
572 1467 593 1488 4.
615 1457 729 1485 Discord,
743 1461 767 1479 at
781 1456 821 1479 the
835 1454 954 1485 Nuptials
965 1453 993 1477 os
1005 1453 1097 1476 Peleus
1109 1451 1160 1475 and
1172 1450 1276 1475 Thetis:
1291 1449 1390 1479 casting
1403 1448 1431 1471 οἷ
1441 1448 1483 1471 ὼε
1496 1447 1577 1478 apple.
1591 1446 1652 1470 with
1671 1445 1818 1477 inscription

468 1503 483 1512 ¹⁴
493 1506 518 1523 to
532 1499 573 1522 the
587 1498 697 1526 sairest,·'
711 1497 811 1525 leading
825 1501 850 1519 to
864 1496 906 1519 the
919 1499 1017 1518 contest
1031 1494 1145 1517 between
1158 1493 1234 1523 June,
1251 1491 1372 1517 Minerva,
1387 1489 1435 1513 and
1447 1489 1542 1512 Venus.

536 1540 568 1564 11.
591 1547 626 1562 11.
646 1539 764 1569 Odysscy,
777 1538 828 1561 viii.
844 1538 954 1566 :by-360.

534 1588 570 1604 21.
590 1580 666 1607 Satis,
679 1579 731 1603 sis!

534 1630 571 1651 24.
591 1622 629 1644 An
651 1621 714 1644 echo
732 1620 761 1643 of
775 1620 817 1642 the
837 1619 935 1641 famous
952 1617 1010 1643 line,
1029 1617 1072 1640 the
1093 1615 1191 1647 despair
1211 1615 1239 1639 os
1257 1614 1381 1640 res-catch,
1400 1612 1425 1635 in
1449 1612 1592 1635 Marlowe's
1609 1611 1730 1638 Faustus,
1752 1609 1776 1633 ii.
1797 1616 1817 1633 1.

469 1666 483 1675 ‘⁴
493 1664 612 1686 Solamen
627 1662 725 1685 miseris
737 1661 820 1684 socios
833 1659 951 1683 habuisse
963 1657 1082 1681 doloris.'’
