1883 2730
463 199 526 237 358

465 493 516 521 ι35

466 740 518 765 ¹40

464 984 516 1012 145

464 1231 518 1258 ¹50

466 1475 516 1504 155

466 1716 519 1741 160

466 1962 517 1995 165

863 205 959 230 MUSA
984 205 1120 229 LATINA
1146 205 1314 229 ABERDON
1319 205 1422 229 ENSIS.

709 286 779 315 Heu
796 285 915 323 pietas!
939 287 997 316 heu
1015 286 1114 324 prisca
1132 286 1228 315 fides!
1253 286 1432 323 intactaque
1449 285 1518 314 falsi

706 337 805 365 Labe!
829 336 894 374 spei
910 336 1054 366 iuvenem
1071 336 1197 365 maioris
1214 337 1298 365 nulla
1314 337 1432 371 dedere,

705 385 800 414 Nulla
816 386 933 414 dabunt
949 386 1040 414 annis
1057 386 1214 414 redeuntia
1231 385 1353 414 saecula
1371 385 1458 414 seris.

707 435 778 464 Heu
794 435 969 464 miserande
985 444 1059 472 puer
1074 435 1078 462 !
1123 434 1181 469 Tu,
1200 435 1225 462 si
1242 444 1302 471 qua
1319 433 1382 462 fata
1397 434 1554 468 tulissent,

705 484 760 512 Ille
778 483 934 512 Henricus
950 493 1027 512 eras.
1071 483 1213 512 Calathis
1229 483 1299 512 date
1315 483 1378 511 lilia
1395 483 1506 520 plenis,

706 532 880 570 Purpureos
897 538 1023 570 spargat
1039 531 1130 562 flores
1146 538 1176 561 et
1191 541 1303 569 eorpus
1319 533 1436 561 honore

707 581 775 610 Hoc
792 582 903 611 saltem
919 582 990 610 diva
1006 581 1192 616 accumulet,
1209 581 1389 610 melioribus
1405 586 1478 610 ante

708 631 890 660 Muneribus
907 631 968 660 iarn
986 630 1091 660 functa
1107 631 1240 666 animae,
1259 636 1292 659 ut
1308 640 1379 668 pars
1395 630 1478 659 edita
1493 630 1580 659 eaelo

704 681 876 709 Assuescat
892 681 1025 717 patriam
1042 690 1111 708 cum
1130 680 1255 709 Christo
1271 688 1440 716 agnoscere
1457 679 1572 708 sedem.

706 729 766 758 Hic
782 729 892 757 mirata
909 729 990 758 altos
1008 729 1123 758 Divum
1141 738 1307 765 sacrosque
1323 737 1463 757 recessus

705 780 743 807 Et
761 778 887 812 Christi,
904 777 1055 814 angelicis
1072 778 1189 814 passim
1206 782 1350 806 conserta
1367 776 1515 814 maniplis

704 827 848 864 Agmina,
867 827 950 856 mille
967 826 1057 856 novis
1073 826 1210 855 numeris
1226 825 1406 855 discrimina
1422 834 1545 858 vocurn,

705 876 896 912 Miraturque
912 881 1061 912 notatque
1078 875 1181 910 simul,
1199 875 1374 904 diademate
1390 875 1491 903 cincta

705 925 850 960 Caelesti,
867 930 896 954 et
913 925 1088 962 lachrymas
1105 925 1268 953 hominurn
1286 924 1450 952 miseratur
1466 923 1584 957 inanes,

705 974 788 1002 Durn
806 979 911 1002 monet
927 979 956 1002 et
973 983 1088 1009 magna
1105 978 1237 1002 testatur
1252 982 1327 1002 voce
1344 981 1397 1009 per
1411 981 1514 1007 auras,

706 1023 824 1052 Parcite
840 1022 950 1051 ferales
966 1022 1027 1050 iam
1045 1021 1159 1059 parcite
1176 1021 1302 1050 fundere
1320 1020 1419 1050 fletus.

706 1072 791 1101 Haec
807 1072 885 1100 aliis.
933 1071 993 1100 Sed
1009 1071 1103 1105 enirn,
1121 1076 1207 1107 pater
1223 1071 1248 1099 O
1265 1070 1436 1104 carissime,
1453 1070 1504 1106 qui
1521 1075 1550 1098 te

705 1121 803 1150 Solari
821 1121 962 1158 expediat
979 1120 1118 1154 dubium,
1136 1120 1278 1148 noctisne
1295 1129 1346 1156 per
1362 1119 1488 1147 umbras

705 1170 838 1199 Obiiciat
855 1169 970 1206 sese‘in
989 1169 1120 1203 somnis,
1138 1168 1316 1197 Geniumne
1333 1168 1471 1205 parentis

706 1219 857 1248 Demittat
873 1219 968 1248 caelo.
1014 1218 1099 1247 Haec
1115 1218 1223 1246 melior
1239 1217 1394 1246 sententia
1409 1217 1486 1245 visa.

705 1268 764 1296 Hic
782 1277 950 1304 properans
967 1276 1178 1303 magnumque
1194 1267 1304 1295 volans
1322 1275 1373 1302 per
1389 1266 1481 1294 inane
1499 1265 1640 1294 minister

704 1317 810 1353 Aliger
825 1317 855 1345 in
873 1317 978 1345 stratis
994 1317 1162 1345 iactantem
1181 1321 1302 1352 pectora
1319 1316 1386 1344 sola

706 1367 959 1402 Moerentemque
975 1366 1068 1394 domo
1085 1365 1205 1394 monitu
1223 1365 1266 1394 sic
1282 1374 1373 1393 orsus
1389 1363 1489 1392 amico

705 1415 814 1449 Solari,
832 1421 862 1444 et
878 1416 975 1444 tantis
992 1414 1141 1452 paulatim
1158 1414 1316 1443 exsolvere
1331 1413 1430 1442 curis:

745 1465 881 1493 Maxime
898 1474 957 1497 rex,
975 1464 1018 1492 sic
1034 1469 1063 1492 te
1080 1463 1152 1492 vicit
1169 1464 1255 1492 dolor
1270 1462 1383 1490 anxius
1398 1471 1524 1490 omnem

705 1514 745 1542 Ut
762 1513 864 1550 fugias
880 1518 1083 1550 conspectum
1101 1512 1265 1541 hominum
1281 1511 1291 1539 ?
1317 1516 1349 1540 ut
1366 1511 1478 1540 solatia
1495 1510 1574 1539 vites

703 1564 817 1592 Omnia
833 1564 843 1592 Ρ
890 1563 940 1592 Sic
957 1563 1072 1591 invicta
1088 1563 1180 1590 malis
1196 1571 1285 1590 mens
1301 1561 1394 1590 cessit
1411 1560 1535 1596 iniquae

705 1613 795 1646 Sorti,
813 1618 844 1640 ut
862 1611 990 1640 moerori
1008 1611 1090 1640 iuvet
1107 1611 1264 1647 indulgere
1281 1609 1432 1646 perenni?

702 1662 749 1689 Ah
768 1671 804 1689 ne
822 1661 879 1689 ita!
926 1661 1008 1699 Quin
1025 1660 1129 1697 potius
1145 1659 1273 1688 memori
1290 1664 1322 1686 tu
1340 1663 1461 1694 pectore
1477 1657 1566 1685 volve

706 1710 824 1746 Pagina
841 1709 912 1746 quid
929 1719 1015 1738 sacra
1031 1710 1167 1743 edoceat,
1185 1708 1258 1744 quid
1274 1713 1414 1744 tempora
1431 1706 1538 1743 prisca,

703 1760 784 1797 Quid
803 1764 920 1792 natura,
936 1758 979 1786 tui
999 1758 1131 1794 quidque
1147 1756 1334 1794 experientia
1350 1756 1452 1784 saecli.

705 1808 849 1844 Namque
866 1807 934 1835 licet
950 1807 1050 1834 luctus
1068 1806 1184 1843 (fateor,
1203 1804 1359 1841 fateorque
1377 1813 1503 1833 necesse
1519 1805 1578 1841 est)

705 1857 794 1885 Adsit
810 1866 905 1885 causa
921 1855 975 1889 tui,
993 1855 1114 1891 qualem
1134 1864 1295 1891 superesse
1313 1853 1426 1890 putarit

702 1907 761 1935 Vix
777 1905 952 1942 quisquam,
968 1909 999 1932 at
1015 1904 1196 1932 meminisse
1213 1903 1298 1931 decet
1314 1907 1353 1935 te,
1369 1902 1503 1930 maxime
1520 1901 1672 1938 princeps,

707 1955 870 1984 Mortalcm
888 1953 1044 1991 genuisse,
1062 1962 1118 1981 suo
1134 1961 1224 1989 quem
1241 1952 1346 1980 cedere
1362 1951 1426 1979 fato

705 2005 842 2032 Naturae
859 2004 905 2032 lex
922 2003 973 2031 illa
990 2002 1080 2036 iubet,
1097 2001 1294 2030 celeberrima
1311 2000 1428 2036 passim

703 2053 824 2090 Oppida
840 2061 919 2089 quae
935 2051 1034 2085 vertit,
1052 2060 1190 2087 quaeque
1206 2060 1223 2078 a
1240 2049 1420 2078 fundamine
1437 2057 1543 2084 regum

704 2102 877 2130 Tantorum
896 2100 1024 2138 imperia
1039 2105 1131 2136 atque
1149 2099 1233 2135 ipsos
1249 2099 1370 2126 abolere
1387 2097 1522 2126 nefando

706 2151 806 2180 Exitio
823 2150 955 2179 assuerit
971 2159 1067 2186 reges,
1085 2158 1162 2185 quae
1179 2153 1282 2176 mente
1299 2147 1429 2175 minacis
