1883 2730
430 354 484 372 100

432 597 483 625 105

433 842 487 860 ¹10

436 1084 486 1112 ¹¹5

440 1571 490 1598 ¹²5

443 2059 493 2086 ¹35

823 212 917 237 MUSA
943 212 1079 236 LATINA
1106 209 1382 235 ARERDONENSIS.

667 293 756 332 Quae
770 293 886 322 vitreus
903 293 1018 330 liquido
1034 293 1136 322 foveat
1153 293 1210 320 sub
1226 291 1348 327 gurgite
1365 294 1496 326 pontus:

670 343 709 371 Et
725 352 785 379 qua
802 343 968 379 temperies
985 342 1051 370 sani
1069 342 1187 370 ratione
1204 340 1319 369 tuenda

668 392 825 428 Corporis,
842 397 871 420 et
887 391 966 419 facili
985 391 1081 420 morbi
1100 395 1289 427 praevertere
1306 398 1404 417 noxas

670 440 714 469 Ut
730 440 832 477 magis
848 440 989 476 expediat
1005 449 1097 476 quam
1115 438 1193 467 tristi
1211 437 1361 474 expellere
1376 445 1457 470 cura,

671 489 813 525 Denique
829 499 906 525 quas
925 488 1097 516 Medicinae
1116 487 1273 516 incluserit
1290 486 1426 514 ambitus
1442 485 1546 514 omnis

671 538 753 565 Hinc
769 543 861 574 atque
878 537 948 565 hinc
965 542 1076 573 partes.
1123 536 1209 564 Haec
1226 541 1331 564 tantae
1347 534 1483 571 insignia
1501 533 1601 562 famae

672 586 854 622 Deposcunt
870 586 947 613 alias
965 585 1064 618 sedes,
1082 590 1266 620 nostraeque
1281 583 1399 612 cohorti

670 635 832 662 Associare
849 635 975 664 volunt:
1000 643 1179 670 quanquam
1199 632 1374 669 permittere
1391 631 1506 660 Christi
1547 633 1559 651 Ν

673 683 789 711 Iudicio
806 684 880 712 haec
898 693 950 720 par
967 682 1015 717 sit,
1034 682 1162 717 Christi,
1178 682 1226 710 cui
1243 681 1390 710 convenit
1407 681 1459 709 uni

672 732 814 768 Deligere
830 733 887 759 has
904 732 993 760 sedes
1011 731 1175 768 superique
1192 731 1268 759 haec
1284 729 1420 767 praemia
1438 729 1533 766 regni.

713 781 799 809 Haec
815 781 865 808 ubi
882 781 972 814 dieta,
990 789 1100 808 omnes
1118 779 1232 808 Christi
1250 780 1405 816 gravitate
1421 777 1573 807 morantis

675 831 826 866 Suspensi
844 829 1002 866 indignes,
1019 835 1048 858 et
1065 830 1138 857 dum
1156 828 1311 858 sententia
1328 837 1406 865 quae
1423 828 1462 856 sit

675 879 787 907 Iudicis
803 883 974 915 expectant,
993 879 1034 906 ita
1051 879 1176 906 tandem
1194 878 1269 906 haec
1285 877 1402 906 reddita
1420 876 1544 913 paucis:

714 927 784 955 Non
796 934 926 962 egotam
939 927 1040 955 studia
1051 927 1098 955 hic
1109 928 1299 965 (quanquam
1311 926 1386 954 haec
1397 934 1518 962 quoque
1528 923 1670 952 laudibus
1680 922 1786 959 aequis

674 976 713 1003 Et
730 975 825 1012 pretio
841 976 1012 1004 decoranda
1029 976 1098 1013 suo)
1115 983 1293 1011 compenso,
1311 974 1358 1002 vel
1375 979 1456 1002 artes

674 1025 782 1060 Usque
798 1025 874 1052 adeo
889 1025 1067 1061 expendunt
1084 1028 1207 1052 nostrae
1224 1023 1300 1052 haec
1315 1022 1460 1051 examina
1476 1021 1582 1050 lancis.

676 1074 708 1101 In
729 1073 808 1101 saeta
826 1073 955 1110 inquiro,
972 1082 1050 1110 quae
1068 1072 1284 1101 Munificentia
1300 1072 1369 1100 diva

672 1123 733 1150 Aut
750 1123 854 1158 probet
871 1128 924 1150 aut
941 1127 1074 1159 praestet
1088 1133 1092 1150 :
1118 1127 1181 1150 rata
1199 1126 1259 1150 stet
1276 1120 1430 1149 sententia
1448 1120 1547 1148 Divae

676 1171 778 1199 lluius
794 1177 823 1199 et
841 1181 937 1208 usque
953 1181 1010 1199 suo
1027 1176 1152 1199 maneat
1169 1170 1305 1198 stabilita
1321 1170 1451 1198 colosso.

715 1220 765 1248 Sic
783 1220 901 1248 monita
918 1229 987 1248 ecce
1003 1220 1094 1248 alacri
1113 1219 1198 1248 stetit
1216 1218 1419 1256 imperterrita
1435 1217 1522 1246 vultu

676 1269 764 1304 Diva,
782 1275 811 1297 et
829 1278 910 1298 nunc
926 1269 1065 1297 animam
1084 1268 1202 1296 Liddeli
1220 1273 1341 1305 pectore
1358 1266 1447 1295 firmo

676 1318 766 1346 Nunc
783 1318 943 1346 Christum
960 1323 1125 1355 aspectans
1142 1317 1261 1354 placido
1278 1317 1321 1345 sic
1337 1325 1387 1345 ore
1405 1314 1560 1352 profatur:

717 1367 825 1395 Libera
842 1367 946 1396 dextra
964 1367 1039 1395 mihi
1057 1367 1096 1394 sit
1112 1372 1141 1395 et
1158 1367 1233 1395 haec
1249 1375 1317 1394 mea
1335 1366 1427 1394 libera
1445 1365 1559 1400 lingua,

676 1416 828 1450 Degeneri
848 1426 903 1444 nec
919 1416 1023 1444 vincta
1040 1421 1132 1451 metu,
1151 1424 1207 1444 nec
1223 1416 1303 1444 victa
1322 1415 1444 1451 pudore.

678 1463 786 1492 Dicere
804 1473 939 1501 namque
956 1469 1084 1492 monent
1102 1463 1199 1492 multa
1216 1463 1274 1492 hae
1291 1463 1348 1490 sub
1365 1462 1463 1490 iudice
1481 1461 1559 1495 lites,

677 1512 707 1540 Si
726 1513 818 1541 modo
835 1513 872 1540 lis
887 1513 1010 1541 animas
1027 1517 1119 1549 queat
1135 1521 1273 1541 exercere
1290 1516 1436 1540 sacratas.

679 1562 737 1589 Sed
756 1570 816 1589 non
835 1562 992 1597 ambages,
1011 1571 1072 1590 non
1090 1561 1183 1597 longa
1200 1570 1307 1590 exorsa
1325 1569 1500 1596 sequemur.

676 1612 777 1648 Quare
794 1611 876 1645 agite
893 1615 984 1646 atque
1001 1610 1116 1638 animis
1132 1619 1253 1638 mecum
1271 1609 1345 1638 haee
1363 1607 1481 1645 infigite
1497 1606 1608 1636 vestris
1623 1615 1628 1634 ;

719 1660 819 1696 Quam
837 1659 950 1687 crebris
969 1658 1057 1687 fuerit
1073 1659 1224 1687 celebrata
1241 1657 1415 1686 Abredonia
1433 1656 1549 1693 passim

680 1707 839 1735 Laudibus
855 1717 891 1735 ex
907 1707 1027 1741 merito,
1046 1717 1092 1736 res
1110 1716 1170 1734 non
1188 1707 1346 1743 incognita
1361 1706 1456 1739 caelo,

678 1757 749 1784 Non
767 1756 854 1785 terris
870 1766 940 1792 qua,
958 1756 1091 1790 Christe,
1109 1757 1172 1784 orbi
1190 1761 1241 1783 tua
1258 1755 1382 1791 cognita
1400 1764 1494 1782 sacra.

678 1804 773 1833 Tecta
790 1804 861 1832 alibi
877 1809 1037 1832 ostentant
1055 1804 1240 1832 sublimibus
1258 1803 1319 1831 alta
1336 1802 1490 1830 columnis

679 1853 778 1881 Credo
793 1853 946 1890 equidem,
965 1853 1048 1889 vulgi
1066 1858 1199 1881 tractant
1216 1852 1334 1880 felicius
1349 1857 1441 1883 artes,

680 1902 868 1930 Incumbunt
884 1902 971 1938 gazis
989 1901 1109 1936 melius,
1127 1910 1302 1937 magnoque
1320 1901 1448 1928 beantur

680 1951 866 1986 Indigenum
884 1959 1022 1984 numero,
1040 1955 1092 1978 aut
1111 1950 1249 1986 ingentia
1266 1949 1389 1978 moenia
1405 1949 1520 1977 ducunt
1535 1957 1539 1975 :

681 2001 740 2029 Sed
759 2000 827 2029 fidei
845 2000 962 2037 priscae
980 2000 1055 2036 pede
1072 2000 1096 2027 si
1114 1999 1247 2035 vestigia
1266 1999 1354 2027 firmo

678 2049 768 2077 Certa
785 2049 959 2085 premenda,
978 2053 1098 2084 patrum
1117 2048 1169 2076 sed
1187 2047 1333 2083 religione
1349 2047 1476 2075 colenda

681 2097 818 2134 Hospitii
836 2097 860 2125 si
879 2097 943 2125 iura
959 2097 1045 2131 sacri,
1064 2097 1116 2125 sed
1134 2096 1158 2124 si
1175 2106 1225 2124 ore
1242 2105 1350 2124 sereno

680 2146 893 2174 Insinuandus
910 2155 1003 2179 amor,
1023 2145 1137 2182 primas
1154 2150 1237 2174 tenet
1256 2145 1324 2179 ista,
1343 2153 1398 2173 nec
1415 2143 1464 2172 isti
1483 2143 1532 2171 his
