1883 2730
446 235 509 273 368

446 471 500 498 180

444 716 497 752 185

442 968 496 995 ¹00

442 1213 493 1240 105

436 1459 492 1477 200

435 1702 488 1729 205

432 2188 485 2217 ²15

843 242 937 266 MUSA
964 242 1071 265 LATIN
1078 243 1099 265 A
1126 242 1292 265 ABERDON
1299 242 1401 264 ENSIS.

687 322 727 351 At
743 332 804 351 non
822 323 964 352 tristitiae
981 323 1066 351 locus
1083 322 1140 357 hic,
1158 331 1256 359 neque
1271 322 1385 359 gaudia
1401 327 1506 351 nostra

687 372 816 400 Turbari
834 372 883 400 his
899 372 1067 410 lachrymis
1086 371 1234 400 Liddelus
1251 371 1397 408 postulat,
1415 381 1511 400 unum

686 422 769 456 Orat,
788 427 820 450 ut
837 431 934 458 usque
950 421 1016 449 suis
1032 421 1103 449 hinc
1120 420 1240 449 civibus
1255 429 1324 449 arce
1341 419 1458 449 fruatur

682 470 844 504 Aetherea,
861 475 947 498 tanto
965 469 1080 506 patriae
1097 469 1258 497 devinctus
1274 478 1380 504 amore
1396 473 1452 497 est.

685 519 846 548 Hactenus
862 519 922 547 illa.
970 518 1106 546 Probant
1123 518 1235 554 superi,
1253 517 1437 554 fremituque
1454 519 1590 547 secundo

685 568 815 596 Ducitur
831 568 868 596 ad
884 572 990 596 coetus
1006 567 1131 595 tandem
1152 566 1299 595 Liddelus
1315 566 1442 595 amicos.

726 616 818 644 Haud
836 616 938 652 procul
956 625 973 643 a
989 625 1113 644 summa
1129 615 1205 644 caeli
1223 615 1348 651 regione
1364 616 1488 644 beatum

684 665 741 693 Est
758 674 880 698 nemus,
896 663 1056 692 arboribus
1073 673 1195 700 semper
1212 663 1426 692 frondentibus
1442 664 1551 692 altum.

684 714 766 743 Hinc
782 719 811 742 et
828 714 971 742 odoratae
988 713 1093 742 laurus
1109 719 1139 742 et
1156 714 1288 750 plurima
1304 713 1377 742 vitis

684 762 832 791 Germina
851 767 993 790 nectareo
1010 771 1138 798 superos
1155 762 1320 791 hilarantia
1337 772 1439 796 succo,

686 811 767 840 Hinc
783 821 843 847 qua
860 811 1030 840 Maeandro
1047 811 1102 839 rivi
1120 821 1172 848 per
1187 820 1319 840 amoena
1335 812 1431 839 vireta

682 860 846 897 Multiplici
863 860 982 893 ludunt,
1001 859 1063 888 nati
1081 859 1258 888 melioribus
1274 859 1366 888 annis

681 909 826 937 Carmine
841 917 902 937 non
920 909 996 937 alias
1013 914 1086 937 noto
1103 909 1300 946 numerisque
1317 909 1440 937 novatis

679 958 811 986 Aethera
829 957 1006 985 mulcebant
1023 963 1120 991 vates,
1139 957 1301 993 Gargilius,
1319 963 1348 986 et
1365 958 1416 986 illo

681 1006 875 1036 Carmichael
893 1007 1004 1039 senior,
1020 1006 1170 1043 cuiusque
1185 1006 1360 1035 Abredonia
1378 1007 1476 1044 prima

680 1056 760 1084 Cura
778 1056 1000 1090 Arbuthnotus,
1019 1055 1187 1092 reliquique
1203 1056 1282 1084 hanc
1298 1056 1404 1084 ordine
1420 1057 1575 1093 quondam

679 1105 738 1143 Qui
755 1105 874 1133 coluere
893 1110 1004 1141 patres,
1021 1114 1102 1141 quos
1118 1114 1228 1133 omnes
1245 1105 1361 1134 lumine
1378 1105 1471 1134 vestit

679 1154 813 1182 Aeterno
829 1153 943 1181 Christi
962 1153 1056 1182 facies
1073 1153 1222 1182 radiantis
1238 1154 1275 1182 ab
1291 1154 1362 1182 alto.

682 1202 799 1230 Liddeli
817 1208 847 1230 at
866 1202 995 1230 simulac
1013 1212 1127 1238 magna
1144 1202 1279 1239 stipante
1295 1209 1417 1232 caterva

679 1251 871 1280 'l‘endentem
890 1251 948 1279 huc
965 1251 1101 1279 animam
1118 1257 1255 1286 cernunt,
1273 1251 1364 1279 simul
1381 1252 1506 1289 agmine
1524 1253 1615 1288 longo

680 1300 792 1329 Nescio
809 1310 867 1337 qua
886 1306 1003 1336 praeter
1019 1300 1144 1329 solitum
1162 1301 1322 1329 dulcedine
1339 1301 1408 1329 laeti

678 1351 858 1383 Occurrunt,
876 1349 1092 1386 Cargillusque
1109 1349 1191 1387 (huic
1209 1349 1352 1378 facundia
1368 1360 1488 1387 semper

678 1399 869 1435 Praesignis)
886 1398 938 1426 tali
956 1408 1097 1427 sermone
1115 1398 1237 1427 silentia
1254 1399 1353 1436 rupit:

677 1447 796 1476 Venisti
814 1447 950 1482 tandem,
970 1447 1094 1476 Liddele
1109 1447 1119 1475 Ρ
1144 1448 1263 1484 explere
1280 1453 1401 1476 tuorum

675 1496 781 1532 Teque
797 1497 874 1524 adeo
892 1505 1053 1524 numerum
1072 1496 1155 1524 iuvat
1174 1496 1184 1524 ?
1209 1501 1239 1525 et
1256 1496 1383 1534 liquisse
1400 1502 1443 1526 tot
1460 1507 1544 1526 arces

676 1545 758 1574 Caeli
777 1545 853 1573 alias
871 1544 882 1572 ?
928 1545 967 1573 At
985 1555 1045 1573 non
1063 1545 1185 1582 pigeat:
1211 1555 1266 1574 nec
1282 1546 1364 1574 enim
1383 1552 1489 1583 arguet
1505 1552 1591 1576 aetas

677 1594 744 1622 Nos
761 1594 822 1622 ulla
840 1594 996 1622 indecores
1014 1599 1176 1623 nostraeve
1193 1594 1247 1622 erit
1265 1594 1369 1631 indiga
1386 1594 1496 1627 famae,

675 1644 775 1680 Quam
793 1647 824 1670 tu
841 1641 933 1670 etium
952 1642 1088 1678 (nostras
1105 1642 1196 1670 fando
1213 1643 1269 1671 hoc
1287 1643 1423 1679 pervenit
1440 1644 1477 1671 ad
1493 1644 1594 1678 aures)

677 1691 806 1720 Munere
821 1691 975 1719 adauxisti
993 1701 1148 1728 supremo,
1166 1697 1197 1719 ut
1215 1692 1329 1720 scilicet
1346 1692 1449 1720 omnis

676 1740 759 1768 Hinc
776 1740 876 1768 laudis
893 1749 1039 1768 mensura
1055 1740 1134 1769 fores
1150 1746 1179 1768 et
1195 1741 1317 1769 culmen
1335 1741 1496 1770 honorum.

716 1789 769 1817 Ille
786 1795 898 1822 autem,
917 1798 954 1817 ne
971 1789 1012 1816 mi
1029 1798 1170 1823 consors,
1188 1798 1225 1818 ne
1242 1789 1336 1826 plura.
1382 1789 1519 1819 Tuorum

677 1839 746 1867 Huc
763 1847 813 1866 me
829 1837 926 1865 dulcis
942 1847 1028 1865 amor
1045 1843 1143 1874 raptat
1160 1838 1336 1874 patriaeque
1352 1839 1466 1875 tuique.

673 1889 773 1925 Atque
789 1887 862 1916 olim
880 1886 980 1914 laudis
997 1886 1121 1915 iuvenili
1138 1896 1287 1916 accensus
1304 1897 1408 1917 amore

674 1937 819 1965 Arderem
838 1935 953 1972 patriae
971 1934 1048 1964 fines
1064 1944 1133 1964 cum
1152 1935 1296 1972 linquere,
1315 1946 1406 1973 saepe

676 1986 766 2014 Hanc
783 1990 887 2013 tamen
905 1983 1009 2021 aspexi
1027 1984 1224 2021 lachrymans
1240 1985 1309 2022 (vos
1325 1986 1448 2014 conscia
1465 1992 1561 2015 testor

674 2033 803 2071 Sidera),
822 2042 914 2070 saepe
931 2033 1007 2061 istas
1024 2033 1168 2061 renovavi
1186 2043 1259 2062 voce
1275 2035 1432 2070 querelas:

671 2081 757 2110 Tene
773 2091 831 2117 ego
847 2087 925 2110 terra
942 2081 1018 2110 meis
1034 2087 1097 2109 tam
1114 2087 1200 2117 grata
1218 2082 1397 2118 parentibus
1413 2093 1485 2119 ergo

674 2131 790 2159 Desero
805 2129 815 2158 ?
840 2140 936 2158 vosne
952 2130 1039 2165 lares,
1057 2130 1144 2158 vobis
1159 2136 1353 2168 cognataque
1370 2131 1475 2169 linquo

674 2179 823 2207 Pectora?
845 2184 873 2207 et
890 2179 965 2207 haec
981 2178 1086 2207 animo
1103 2178 1245 2207 labantur
1268 2185 1389 2217 pectora
1406 2186 1510 2210 nostro
1525 2181 1535 2210 ?
