1903 2724
80 407 138 435 240

80 652 133 680 245

77 898 134 927 250

77 1143 132 1172 ²55

77 1382 134 1408 260

77 1627 131 1662 265

121 1861 175 1883 253,
196 1854 325 1877 Pomonia.
355 1854 457 1885 Query?
488 1854 624 1882 Northern,
637 1854 771 1881 Orcadian,
783 1855 807 1878 in
821 1855 864 1879 the
877 1855 991 1886 allegory
1006 1856 1164 1886 (Buchanan,
1179 1856 1249 1880 Hist.
1263 1857 1278 1880 i.
1292 1857 1340 1888 48).
1369 1857 1436 1888 John

629 219 741 243 lmvls)
767 219 867 243 LEECI
875 218 882 242 l
889 238 894 244 .

283 301 408 336 Oceani,
426 301 600 338 rumpitque
617 310 730 335 moras,
747 301 896 338 clavoque
912 301 1016 330 relicto

286 349 394 378 Dulcia
412 355 560 386 pepetuae
577 350 742 378 meditatur
758 350 871 385 gaudia
888 350 977 378 vitae.

285 399 410 435 Spretor
426 399 503 433 abis,
523 399 666 427 Palinure
682 399 692 427 ?
740 399 779 426 Et
797 407 854 427 nos
871 408 941 435 rape
958 399 988 426 in
1005 399 1110 427 omnia
1128 404 1227 427 tecum
1242 408 1247 431 ;

283 447 401 475 Ibimus
419 457 477 475 nna
496 457 614 482 omnes,
632 447 732 484 capiet
751 457 836 476 mora
854 448 938 475 nulla
956 453 1132 484 sequentes.

282 496 328 524 Sit
346 496 430 530 satis⁷
449 498 484 531 O,
503 502 610 525 natum
628 501 657 524 te
674 497 741 525 solo
757 502 841 534 patre
857 496 1008 524 minorem

283 545 389 582 Nuper
407 545 525 574 vicinae
541 545 694 574 transisse
711 546 740 573 in
759 550 893 574 transtra
909 545 1032 574 carinae

281 594 436 622 Aonidum
455 594 600 631 imperio:
623 604 714 631 quem
732 604 793 623 non
810 594 933 622 virtutis
949 600 1091 630 egentem

282 643 417 671 Abstulit
434 643 567 680 oppositi
585 643 649 671 dira
666 643 865 672 inclementia
881 643 944 671 fati.

281 692 445 720 Credimus
463 693 538 720 haec
555 692 683 721 miseri?
724 693 793 730 Quo
811 701 901 726 nunc,
918 701 979 729 quo
996 698 1103 720 nostra
1120 693 1223 721 carina

279 741 407 775 'send-et,
425 746 454 770 et
471 741 590 770 emensi
608 751 686 778 quae
704 751 774 778 spes
792 751 955 778 superesse
973 741 1086 770 laboris

283 791 354 819 Ulla
371 791 495 827 potest?
543 790 602 819 Hei
621 791 723 818 nulla!
770 791 854 819 Vicis
870 791 1063 819 miserescito
1080 796 1203 819 nostrae

281 840 339 868 Die
357 845 443 876 pater
459 839 495 877 (si
513 839 582 876 quis
600 840 734 877 sensus),
752 840 948 868 reminiscere
966 840 1045 876 pacti

283 889 427 917 Foederis
444 894 473 917 et
491 894 611 925 spretae
629 889 764 917 moriens
782 888 928 917 miserere
946 889 1099 923 iuventae,

278 939 364 976 Quae
382 938 543 974 peracerba
561 937 607 965 sui
626 937 730 966 recolit
747 938 819 966 dum
838 936 900 966 fata
917 938 1058 973 magistri

279 987 462 1015 Caeruleum
482 996 534 1023 per
551 986 642 1015 inane
658 987 805 1023 exlexque
821 996 972 1023 exrexque
990 992 1132 1023 pererrat,

278 1036 477 1064 Contristans
493 1036 620 1072 querulo
639 1036 791 1064 Pomonia
809 1045 963 1064 marmora
981 1037 1114 1072 planctu.

281 1085 373 1113 Haud
390 1085 477 1113 aliter
493 1094 586 1121 quam
605 1084 768 1112 multifidis
785 1094 855 1113 cum
874 1084 969 1121 piscis
986 1085 1015 1112 in
1034 1085 1126 1113 undis

278 1134 337 1172 Qui
356 1134 578 1171 labyrinthaeis
595 1135 747 1170 obseptus
765 1134 889 1168 retibus,
907 1133 975 1162 illac

280 1183 408 1219 Hacque
425 1182 520 1211 miser
536 1183 684 1219 fugitans,
703 1192 754 1219 per
770 1183 854 1211 mille
871 1182 1023 1211 foramina
1039 1183 1118 1211 dulci

278 1232 393 1261 Tentat
410 1232 492 1260 abire
510 1231 582 1269 fuga
599 1233 661 1266 sed,
679 1233 752 1260 dum
770 1237 874 1261 tamen
892 1233 999 1261 omnia
1015 1237 1124 1267 tentat,

279 1281 408 1310 Ducitur
425 1287 454 1309 et
471 1281 558 1309 viridi
575 1281 671 1309 vitam
690 1281 816 1318 deponit
833 1281 863 1310 in
881 1282 982 1310 herba.

280 1331 349 1359 Heu
368 1330 487 1367 pietas!
512 1340 604 1366 quam
623 1330 707 1358 nulla
726 1330 844 1359 homini
861 1336 908 1359 est
925 1330 1044 1359 sincera
1061 1331 1225 1368 voluptas!

280 1380 344 1408 Nec
362 1379 494 1413 bonitas,
513 1388 567 1407 nec
584 1385 613 1407 te
630 1379 730 1416 potuit
747 1385 799 1408 tua
816 1379 949 1416 plurima
965 1379 1063 1408 virtus

280 1428 472 1457 Incolumem
491 1437 613 1456 servare
629 1428 716 1456 tuis?
742 1428 783 1456 nil
801 1433 873 1457 vota
889 1429 1019 1466 piorum,

279 1477 329 1505 Nil
347 1483 451 1506 castae
467 1478 591 1506 valuere
608 1486 713 1514 preces
729 1478 928 1514 gemitusque
945 1478 1072 1515 profusi,

278 1526 359 1564 Quin
378 1532 478 1554 tecum
497 1526 586 1554 nobis
603 1526 684 1554 bona
701 1532 754 1561 tot,
774 1527 854 1555 bona
871 1532 959 1555 tanta
976 1527 1132 1563 perirent?

278 1575 359 1613 Quid
377 1575 461 1612 prius
478 1575 535 1609 hic,
553 1574 626 1611 quid
643 1575 808 1612 posterius,
826 1576 898 1612 quid
915 1576 1049 1612 denique
1065 1576 1164 1605 dicam
1181 1576 1191 1605 ?

278 1624 358 1662 Quid
376 1629 495 1653 taceam
512 1625 704 1653 attonitusve
720 1625 850 1661 querar?
898 1625 1042 1654 Crudelia
1057 1626 1158 1654 dicam

279 1673 426 1708 Numina,
443 1674 584 1702 crudeles
602 1673 724 1708 Parcas,
742 1673 876 1702 crudelia
891 1674 968 1702 caeli

277 1722 406 1751 Sidera?
452 1722 600 1751 Crudeles
619 1722 740 1757 Parcas,
757 1722 892 1751 crudelia
909 1723 1009 1752 dicam

275 1771 415 1808 Singula,
432 1781 511 1808 quae
527 1776 650 1800 tanturn
668 1772 792 1800 voluere
809 1772 990 1809 extinguere
1007 1773 1124 1802 lumen.

75 1895 158 1918 Leech
172 1895 218 1918 has
230 1895 349 1925 (Eclogac
368 1895 530 1923 Pisa-atenim,
544 1903 566 1926 p.
582 1896 620 1926 28)
634 1899 648 1908 ¹·
659 1896 784 1919 Personat
795 1898 896 1927 arrepta
910 1897 1034 1920 Pomonia
1046 1905 1170 1921 marmora
1183 1898 1280 1921 concha
1289 1898 1310 1921 ”.

122 1943 175 1966 255.
195 1937 278 1960 These
291 1937 355 1960 lines
367 1945 409 1960 are
422 1937 535 1960 imitated
548 1938 610 1960 from
624 1937 662 1961 his
675 1937 774 1961 brother
785 1938 877 1967 John's
890 1938 1001 1969 Eclogae
1019 1938 1183 1967 Piscatoriae,
1197 1947 1220 1969 p.
1235 1947 1265 1968 29
1274 1947 1313 1963 :—

527 1980 541 1990 ¹⁴
553 1978 631 2000 veluti
644 1977 684 2008 qui
699 1977 763 2001 intra
775 1977 825 2001 iam
837 1978 900 2002 retia
913 1978 990 2008 piscis

396 2018 535 2045 Clauditur,
550 2018 634 2042 infelix
648 2026 691 2049 per
703 2018 772 2042 mille
784 2019 910 2042 foramina
921 2019 987 2043 dulci

395 2059 490 2082 Tentat
502 2059 569 2083 abire
581 2059 651 2090 fuga.
665 2059 709 2083 sed
721 2059 781 2084 dum
794 2065 879 2084 tamen
893 2061 979 2084 omnia
991 2064 1079 2088 tentat,

396 2100 499 2124 Ducitur
511 2105 536 2124 et
549 2100 620 2123 viridi
633 2100 710 2124 vitam
723 2101 828 2132 deponit
841 2101 865 2124 in
878 2101 981 2125 herba.‘'

548 2185 553 2199 ¹
565 2186 614 2209 See
629 2186 729 2216 Lippe’s
745 2187 870 2213 Wodrow,
883 2194 906 2217 p.
919 2193 958 2215 99.

1396 222 1435 253 37

1448 406 1583 428 Subinnuit
1596 406 1729 429 dolendam

1451 439 1588 461 Revcieudi
1601 444 1625 461 et
1640 440 1728 461 Claris-

1448 471 1502 493 simi
1518 472 1561 493 viri
1577 471 1606 494 D.
1622 472 1730 494 ΙυΛΝκις

1451 504 1577 526 isonia-2511
1593 504 1646 526 Filii
1659 510 1683 527 ct

1451 537 1551 559 liat-red
1564 545 1575 559 s
1588 537 1620 559 mi
1634 545 1678 559 'ra-

1447 570 1510 591 tlon(
1519 578 1541 591 m
1552 569 1582 592 ad
1593 569 1748 593 functionem

1451 602 1604 624 pastoralem
1618 603 1641 625 in
1656 609 1720 625 nova

1450 635 1592 657 Abu-‚donia
1605 636 1698 658 obeun-

1449 667 1514 691 dam,
1530 668 1664 694 A‹=nidum,
1680 667 1703 690 id

1449 705 1485 722 cst
1498 700 1584 729 synodi
1600 700 1690 723 Abred.

1448 733 1623 756 communibus

1449 765 1591 795 suffragiis.¹

1449 898 1624 921 Studiosorum

1449 930 1599 961 lachrymae.

1448 1345 1556 1375 Querela
1569 1346 1599 1369 ad
1613 1351 1720 1370 mortem

1449 1378 1581 1402 Praesulis.
