1903 2724
43 391 98 418 130
126 388 139 398 ··

43 636 96 665 135

42 884 97 911 140

43 1130 96 1159 145

41 1377 96 1406 150

41 1622 94 1652 155

44 1861 99 1888 160

46 2108 99 2144 165

619 199 710 231 JoriN
739 200 828 224 izow.

285 281 439 317 Nubibus,
457 281 629 310 imbriferos
645 286 726 310 arcte
742 282 793 318 qui
809 282 953 318 congelet
968 291 1088 310 amnes.

285 332 324 360 At
341 341 422 360 nunc
438 337 466 360 te
483 332 623 360 reducem
641 337 670 360 et
687 331 809 360 salvum
827 331 1005 360 Brittannia
1022 341 1124 367 regen-2

286 381 381 410 Laeta
398 381 509 416 ridens,
527 381 644 418 pullam
661 385 797 416 mutans,
816 380 949 409 Albania
965 380 1024 409 dici

284 430 385 458 Gestit
402 435 431 458 et
447 430 590 458 exultans
606 434 635 458 te
653 429 770 466 sospite
786 434 816 458 et
833 429 957 466 hospite
974 439 1054 467 rege.

285 478 383 507 lubila
400 479 560 515 lugubrem
578 478 729 507 mandant
746 488 895 515 seponere
911 485 1029 508 vestem
1046 487 1051 507 :

287 528 436 565 Pullaque
453 533 497 557 tot
516 528 631 557 Phoebi
648 528 764 556 reditus
780 533 832 556 tua
850 528 1000 564 Grampia
1018 527 1112 556 flevit.

286 577 378 605 Nunc
395 577 503 606 iteruin
522 577 641 614 pullum
659 577 753 613 gestit
771 586 920 614 seponere
937 577 1099 606 amictum.

284 627 428 663 Compita
443 632 556 655 cuncta
573 632 685 655 sonent
703 628 814 663 plausu
828 626 1015 663 fremituque
1032 626 1158 663 popelli.

285 676 380 705 Laeta
396 678 507 706 cohors
523 677 638 705 laetum
655 682 748 705 cantu
765 677 897 706 deducat
913 677 950 705 ad
967 677 1072 705 aulam

283 726 406 755 Nobilis
422 732 600 763 augustam,
618 727 762 755 convivia
779 727 863 755 lauta
880 728 1047 762 celebrent,

285 777 352 805 Con
369 777 584 813 celebremque
600 777 667 805 dies
684 776 798 805 festos:
825 778 974 806 Saturnia
991 778 1051 805 iam
1071 777 1144 810 sint,

283 826 329 854 Sit
346 826 415 855 licet
432 826 462 854 in
478 836 589 856 cancro
607 827 763 861 Phoebus,
781 837 837 856 nec
854 829 1003 857 scandere
1020 828 1159 865 Captum

278 875 463 910 Cernamus,
480 875 565 904 vivat
582 875 724 913 princeps
741 876 904 911 genialiter
918 878 1031 906 almus.

286 924 402 961 Lydus,
419 925 492 953 item
510 925 640 961 Ganges
656 929 765 953 aurato
781 926 894 955 vellere
911 936 1026 963 regem,

285 973 487 1011 Aurifluoque
503 974 612 1011 Tagus
629 975 728 1011 lapsu,
748 975 894 1004 Pactolus
910 981 940 1005 et
959 976 1098 1004 Hermus

283 1022 414 1056 Vestiat‚
431 1028 460 1052 et
477 1023 575 1059 siquis
591 1023 694 1051 trahat
709 1033 822 1052 aureus
838 1024 943 1053 amnis
960 1034 1071 1054 arenas

283 1071 482 1107 Consimiles,
499 1081 609 1100 aurum
627 1072 767 1109 precioso
783 1073 900 1102 viscere
917 1074 1012 1102 tellus

285 1120 381 1157 Siqua
398 1130 454 1150 suo
469 1121 585 1157 condit,
602 1120 762 1157 preciosus
778 1127 807 1150 et
825 1122 900 1150 unio
917 1122 1030 1158 signis,

283 1171 466 1204 Gemmave,
484 1170 573 1207 siqua
589 1171 672 1207 capit
689 1171 826 1207 pretioso
842 1172 981 1208 tegmine
997 1172 1116 1200 concha

283 1219 370 1257 Quae
387 1219 531 1248 decorent
546 1228 669 1256 corpus.
714 1220 849 1249 Gaetulo
867 1220 983 1250 murice
999 1221 1154 1255 Arachne,

281 1268 337 1297 Vel
355 1267 458 1304 potius
476 1268 580 1296 Pallas
597 1269 726 1305 byssum
743 1269 790 1297 bis
807 1269 946 1297 stamina
963 1269 1105 1305 tinctam,

282 1316 418 1346 Lumina
433 1327 511 1354 quae
528 1317 627 1355 lyncis
643 1317 763 1353 fallant,
780 1319 907 1347 subtilia
924 1319 1052 1354 ducens,

280 1367 401 1395 Vestiat
416 1367 565 1396 eximium
582 1376 734 1403 generoso
751 1369 862 1397 vellere
878 1378 1000 1405 corpus.

282 1416 424 1453 Denique
440 1416 584 1453 quicquid
601 1417 693 1446 habet
710 1417 797 1446 dives
813 1417 1015 1454 circumspice
1033 1418 1178 1452 mundus,

281 1465 383 1494 Omne
399 1465 453 1494 tibi
470 1466 568 1500 cedat,
586 1466 649 1503 regi
668 1465 836 1495 famuletur
852 1467 983 1502 abunde,

286 1514 382 1551 Regia
399 1514 568 1551 magnifico
587 1515 692 1543 Pallas
708 1515 757 1544 cui
775 1520 900 1552 pectora
916 1517 1000 1545 cultu

286 1563 356 1592 Non
374 1563 538 1592 mediocris
554 1564 616 1600 alit,
635 1570 773 1593 mentem
790 1565 838 1593 cui
856 1570 944 1602 grata
960 1567 1154 1596 Camaenum

280 1611 362 1641 Tota
376 1613 487 1641 cohors
503 1613 607 1647 coluit,
626 1613 768 1642 Charites
785 1614 965 1643 benesuada
982 1615 1136 1652 benignae

283 1661 387 1690 Turba
403 1663 542 1692 animam
559 1663 715 1697 decorant,
732 1663 822 1693 labiis
840 1663 1019 1694 suffundere
1037 1665 1142 1694 Suada

284 1710 324 1739 Et
343 1711 434 1739 Pitho
451 1717 550 1740 semet
566 1711 669 1748 gestit,
690 1711 803 1749 Physis
820 1713 902 1741 alma
919 1712 1049 1748 refulsit,

284 1759 424 1788 Mentem
441 1760 555 1789 etenim
574 1770 651 1789 sano
668 1770 778 1789 sanam
795 1761 846 1790 dat
863 1771 990 1799 corpore
1009 1762 1145 1791 Numen.

282 1808 392 1846 Tuque
409 1809 645 1847 hyperaspistes
660 1820 752 1839 verus
769 1811 843 1849 (non
862 1811 953 1840 fictus
970 1817 1002 1840 ut
1019 1811 1078 1840 iste

286 1858 434 1895 Regicida
449 1864 538 1888 atrox
554 1859 671 1894 rabula,
688 1865 719 1888 et
735 1860 787 1896 qui
806 1860 938 1889 Proteus
955 1861 1041 1896 alter,

284 1907 427 1936 Nasutus
445 1907 544 1942 Naso,
560 1917 595 1937 ac
611 1908 688 1937 alter
704 1908 899 1937 Vertumnus
915 1909 1081 1938 habendus

283 1956 446 1990 Versutus,
465 1961 563 1985 semet
580 1956 631 1993 qui
647 1957 678 1985 in
695 1956 811 1986 formas
827 1963 958 1986 verteret
975 1958 1110 1996 omnes),

286 2004 440 2034 Defensor
457 2005 552 2041 Fidei,
571 2006 675 2043 populi
694 2006 854 2035 Protector
869 2007 1017 2036 amantis.

286 2055 411 2092 Rexque
427 2055 558 2092 loquens
576 2056 641 2085 Lex
655 2061 722 2090 est3
746 2056 811 2085 Lex
826 2061 874 2085 est
892 2057 958 2085 Rex
974 2061 1090 2091 mutus,
1108 2061 1238 2093 uterque

287 2104 403 2133 Sedulo
418 2109 448 2132 et
464 2114 534 2133 ecce
549 2105 685 2142 Gregem
703 2110 778 2142 puta
794 2115 900 2134 carum
917 2111 1003 2134 curat
1021 2105 1142 2142 utrique
1157 2115 1164 2133 ε

288 2153 403 2190 Dirigit
419 2153 502 2182 hunc
518 2153 635 2183 etenim
653 2154 712 2190 lex,
731 2163 823 2190 quem
841 2163 892 2183 rex
907 2153 1010 2191 diligit
1024 2154 1138 2188 almus,

1341 201 1398 233 33¹
