1883 2730
449 543 483 561 10

452 787 483 814 Ι5

447 1031 484 1050 20

447 1522 485 1549 30

451 1765 487 1794 35

448 2011 485 2036 40

828 207 925 231 MUSA
951 206 1088 230 LATINA
1114 204 1408 229 ABERDONENSIS.

647 287 851 324 plangentem
867 286 1001 323 geminis
1015 296 1020 320 ;
1036 286 1154 315 caelum
1171 285 1304 314 clamore
1320 283 1462 321 remugit,

647 336 727 365 Tota
746 336 942 364 Mareschalli
961 336 1084 372 planctu
1102 344 1229 363 musaea
1247 334 1407 367 resultant,

648 387 712 414 Nec
728 386 839 415 modus
855 391 902 414 est
918 385 1096 422 lachrymis,
1114 384 1212 413 renuit
1229 383 1340 412 solatia
1356 381 1456 411 fletus.

647 434 705 463 Dic
722 435 797 463 mihi
815 434 915 468 Musa,
935 443 1048 470 precor,
1064 433 1141 462 tanti
1159 442 1237 469 quae
1253 441 1346 461 causa
1363 430 1477 460 doloris

649 483 853 519 Ingeminans
870 483 970 511 luctus
987 482 1045 510 nisi
1063 481 1162 510 tristia
1178 481 1269 509 verba
1286 480 1422 517 repellat.

689 532 746 560 Est
763 532 875 560 domus
892 531 1036 567 antiquae
1053 531 1141 559 sedes
1158 529 1354 566 amplissima
1370 528 1484 565 gentis,

648 581 720 609 Non
738 581 840 618 procul
859 581 929 608 hinc
945 586 1084 608 austrum
1102 589 1219 612 versus,
1235 579 1283 607 cui
1301 578 1424 607 moenia
1441 582 1556 614 pontus

648 630 793 659 Verberat
810 630 968 658 incassum
984 639 989 658 :
1008 638 1079 657 nam
1096 627 1235 665 Tethyos
1253 627 1302 655 illa
1320 626 1459 655 minaces

650 678 790 715 Despicit
806 678 942 706 insultus
959 677 1094 714 scopulis
1111 677 1191 705 elata
1208 675 1357 712 superbis.

651 727 740 755 Hanc
757 727 863 763 magni
881 732 1003 754 tenuere
1023 726 1076 754 viri
1094 725 1182 762 queis
1198 725 1280 753 alma
1297 729 1438 753 vetustas

654 775 791 804 Seminis
807 775 932 804 aetherii
950 775 1124 804 certissima
1142 773 1272 811 pectoris
1288 779 1380 810 atque

650 825 756 861 Signa,
775 824 971 852 Mareschalli
990 823 1115 852 meritos
1132 822 1286 851 concessit
1302 822 1445 851 honores

651 874 718 902 llos
736 873 820 908 inter,
840 873 945 910 paucis
962 878 1040 901 retro
1056 872 1253 901 volventibus
1269 872 1372 905 annis,

650 922 808 950 Maximus
823 922 933 950 enituit
950 922 1063 957 dignus
1080 921 1248 950 maioribus
1265 922 1354 949 heros
1369 932 1374 950 :

650 973 681 1000 Is
697 977 798 1000 certus
815 981 945 1008 proavos
962 981 1094 1007 magnos
1111 980 1172 998 non
1191 970 1312 999 reddere
1329 979 1506 1007 quenquam

650 1021 815 1054 Illustreni,
833 1020 930 1055 gestis
947 1020 976 1048 ni
996 1020 1155 1056 splendida
1173 1019 1300 1048 nomina
1318 1018 1452 1056 pulchris

651 1070 784 1098 Exornct
801 1069 940 1106 propriis,
959 1069 1072 1097 nostris
1090 1069 1199 1097 idcirco
1217 1068 1365 1097 Camenis

649 1117 798 1146 Numinis
815 1118 962 1146 instinctu
981 1118 1079 1154 primo
1096 1117 1276 1146 fundamine
1293 1117 1372 1146 iacto

650 1167 791 1196 Praebuit
808 1167 989 1204 hospitium,
1007 1177 1062 1196 nec
1080 1167 1256 1203 sumptibus
1273 1167 1323 1195 ille
1340 1166 1482 1203 pepercit,

652 1218 752 1246 Ubere
769 1217 939 1246 reddituum
959 1223 1108 1254 proventu
1127 1226 1260 1253 namque
1277 1216 1387 1246 beavit.

648 1267 791 1294 Creverat
808 1266 879 1294 hinc
897 1266 937 1293 illi
956 1266 1040 1294 nullo
1058 1266 1210 1294 violabilis
1227 1275 1304 1294 aevo

648 1315 763 1349 Gloria,
783 1315 949 1344 Maecenas
966 1315 1036 1343 hinc
1054 1321 1158 1343 noster
1174 1314 1329 1343 maximus
1345 1315 1429 1343 audit

652 1365 758 1400 Usque
776 1364 1014 1397 Mariscliallus;
1037 1364 1080 1392 sic
1097 1374 1154 1392 nos
1170 1364 1348 1401 optavimus
1366 1364 1467 1401 ipsum

652 1413 801 1449 Perpetuo
818 1413 1004 1441 incolumem
1023 1413 1111 1441 terris
1127 1418 1312 1450 nostraeque
1329 1422 1496 1449 perennem

649 1464 832 1491 (jonsortem
851 1462 937 1497 lucis,
955 1472 1060 1490 verum
1079 1462 1161 1490 irrita
1179 1468 1250 1491 vota
1267 1462 1397 1492 fuerunt.

649 1511 767 1539 Occidit
785 1511 834 1539 ille
851 1511 973 1547 quidem
989 1521 995 1544 ;
1014 1511 1110 1539 nostri
1128 1512 1238 1540 solatia
1255 1511 1360 1540 damni

651 1560 822 1588 Restabant
839 1560 987 1588 nonnulla
1004 1566 1118 1594 tameny
1137 1570 1209 1588 nam
1226 1560 1312 1589 dives
1329 1561 1492 1594 honorum,

650 1608 772 1646 Quique
789 1609 888 1637 solent
905 1609 974 1636 aliis
992 1609 1121 1646 sparsim
1138 1609 1307 1643 concedier,
1325 1609 1375 1637 ille

651 1658 798 1686 Gesserat
815 1657 844 1685 in
862 1658 985 1686 cumulo
1002 1658 1124 1686 virtutis
1142 1658 1270 1695 pignora
1287 1663 1369 1686 certa

652 1706 854 1741 Multigenae,
871 1706 1047 1743 iustumque
1064 1707 1133 1735 tulit
1151 1707 1333 1735 mortalibus
1349 1716 1459 1735 aevum

655 1754 838 1789 praefixum,
857 1761 1048 1793 gnatumque
1066 1756 1163 1784 virum
1182 1766 1372 1793 puerumque
1387 1761 1528 1792 nepotem

651 1804 808 1841 Liquerat‚
825 1805 986 1833 haeredem
1001 1806 1173 1840 geminum,
1192 1815 1278 1842 spem
1296 1805 1399 1841 gentis
1412 1809 1584 1841 utrumque.

653 1854 736 1882 Inter
751 1859 779 1882 et
797 1854 957 1890 amplexus
974 1854 1082 1882 horum
1101 1854 1237 1890 spirasse
1254 1854 1378 1882 iuvabat

654 1902 834 1930 Extremum
850 1912 855 1936 ;
874 1903 927 1931 sed
944 1912 1024 1931 nunc
1041 1903 1118 1931 tanti
1137 1903 1300 1931 solaminis
1316 1912 1424 1932 exsors

649 1951 768 1985 Obtigit
785 1956 925 1985 eventus,
943 1962 997 1979 sna
1015 1952 1044 1979 ni
1063 1952 1173 1980 solatia
1190 1951 1278 1980 nobis

651 2000 733 2028 Dent
751 2000 926 2037 lachrymae
940 2010 945 2033 ;
965 2010 1096 2028 manans
1112 2001 1204 2030 habet
1220 2005 1249 2029 et
1266 2011 1321 2029 sua
1337 1999 1450 2036 gaudia
1466 1999 1566 2030 fletus·

653 2049 800 2085 Ingentes
817 2049 952 2085 gravidis
970 2050 1069 2078 educti
1088 2050 1222 2079 nubibus
1238 2050 1350 2078 imbres

650 2098 782 2126 Aethera
799 2099 874 2126 dant
890 2108 999 2135 purum
1015 2110 1021 2126 ε
1044 2100 1087 2128 sic
1103 2099 1223 2128 turbida
1240 2104 1362 2136 pectora
1379 2098 1454 2127 forte

652 2148 849 2184 Componcnt
867 2148 1052 2186 lachrymae,
1071 2149 1246 2186 lachrymas
1262 2147 1398 2177 volvisse
1415 2147 1541 2176 iuvabit.
