1903 2724
90 704 124 731 70

92 950 126 978 75

92 1188 130 1216 80

93 1686 131 1712 90

94 1930 129 1958 95

79 2176 134 2195 100

436 223 582 247 ROBERT
605 223 770 253 GORDON,
793 224 838 247 OF
862 224 1066 247 STRALOCH.

314 303 403 332 Pacis
419 304 627 342 hyperboreae
643 303 781 332 vinclum
801 313 859 340 pax
876 303 993 332 reddita
1010 303 1108 331 nobis.

352 353 402 381 Sic
420 353 521 389 posita
538 353 657 382 feritate
673 362 784 381 omnes
801 353 1047 383 mansuevimus,
1065 361 1175 380 omnes

314 401 455 430 Diversis
471 402 594 438 agimur
610 402 731 437 studiis,
749 412 805 430 sua
821 402 931 438 cuique
948 402 1101 438 voluptas.

315 449 390 478 Pars
407 450 570 479 Themidis
587 451 775 488 streperique
793 450 847 479 fori
866 451 1012 479 subsellia
1030 456 1128 478 tentat
1143 460 1147 477 z

315 498 389 527 Pars
408 499 529 528 Phariis
545 501 684 528 numeris
700 500 817 537 vigilat,
835 500 1003 537 magnique
1021 509 1162 528 recursus

313 547 478 585 Explorate
496 549 555 586 poli
570 559 575 577 z
599 549 712 578 veteris
730 559 801 586 pars
818 550 965 585 dogmata
983 549 1038 577 Coi

312 597 463 634 Indagare
480 598 573 634 senis⁷
592 598 676 627 iuvat
693 609 742 626 ars
758 608 793 627 ex
810 605 874 627 arte
891 597 1054 627 medendi:

311 646 353 674 Hi
370 656 426 675 sua
443 657 511 676 rura
527 648 641 682 colunt,
660 648 832 684 validisque
849 647 1006 683 ligonibus
1023 647 1152 674 instant.

309 695 453 724 Oceanus
470 697 569 733 placet
586 696 644 730 his,
663 706 714 733 per
731 701 843 731 stagna
860 696 1014 724 immensa
1032 694 1172 731 profundi

312 744 540 774 Consectantur
556 755 631 782 opes
648 755 703 774 nec
719 751 833 774 terrent
851 745 990 782 proxima
1006 744 1067 773 leti.

315 793 353 821 Et
371 803 432 822 non
449 794 582 831 exiguus
599 795 744 832 populus,
761 804 851 831 quem
870 794 970 822 taedia
988 794 1070 821 vitae

311 842 444 879 Otiaque
460 843 629 880 exagitant,
646 844 754 881 cupide
771 853 852 872 nova
869 843 985 880 proelia
1001 852 1144 879 poscens,

314 892 426 921 Exulat
443 899 534 929 atque
550 893 620 921 aliis
638 893 770 922 Martem
788 893 922 927 vestigat
940 893 969 920 in
986 892 1056 920 oris.

353 941 393 970 At
409 951 471 970 non
491 943 638 971 Forbesio
655 943 756 971 stadio
772 943 929 971 decurrere
945 942 997 970 tali

314 989 385 1019 Fert
401 991 525 1019 animus
540 1003 546 1027 ;
569 991 644 1019 dura
661 991 808 1028 placitum
826 991 936 1019 sudare
953 990 1116 1026 palaestra.

316 1039 398 1076 Ergo
414 1040 517 1076 cupita
534 1039 590 1068 sibi
609 1039 748 1068 indicens
763 1039 944 1072 certamina,
962 1038 1047 1066 nulla

313 1087 478 1125 Tempora,
496 1089 537 1117 nil
555 1089 687 1117 nimium
705 1088 920 1126 procrastinat,
938 1087 1061 1120 incitus,
1080 1087 1202 1120 ardens,

315 1136 452 1174 Legibus
468 1138 649 1174 obsequitur
665 1147 743 1174 quas
759 1137 875 1165 dixerat
893 1137 977 1174 ipse;
1001 1135 1152 1173 profunda

318 1186 400 1216 Hinc
417 1187 555 1224 probitas
572 1187 697 1224 gemina
714 1187 825 1216 diffusa
843 1186 1012 1224 propagine
1030 1191 1173 1214 sanctum

312 1235 414 1264 Altius
430 1236 560 1273 impellit
577 1242 701 1273 pectus;
728 1241 838 1264 natura
855 1236 1012 1264 ministrat

316 1285 355 1313 Et
371 1286 562 1314 consuetudo
579 1285 692 1322 duplici
710 1285 884 1313 munimine
901 1285 990 1313 vires.

315 1334 367 1362 Nil
384 1335 464 1371 quod
482 1335 627 1363 dedeceat
643 1333 775 1363 factum:
800 1343 922 1362 morum
941 1333 1067 1369 integer,
1086 1333 1152 1361 aevi

314 1382 448 1419 Integer,
465 1383 607 1412 innocuis
623 1383 673 1411 vix
690 1383 771 1411 laxat
788 1382 873 1411 frena
890 1382 1034 1410 iuventae

316 1431 452 1467 Deliciis,
469 1442 567 1460 canus
583 1432 695 1460 studiis
711 1431 859 1468 lanugine
876 1431 984 1468 prima,

313 1480 414 1518 Atque
431 1481 569 1509 inclinati
587 1487 742 1518 reparator
758 1481 909 1518 plurimus
925 1490 1004 1509 aevi.

316 1529 396 1557 Rara
412 1530 508 1566 quieS,
525 1530 624 1558 cornis
640 1529 788 1566 gravitas,
806 1530 971 1566 tranquilla
990 1539 1117 1558 serenae

313 1577 494 1615 Temperies
509 1579 629 1613 frontis,
646 1578 746 1615 parcis
762 1578 966 1615 dapibusque,
986 1577 1138 1614 profundo

317 1626 488 1663 Nunquam
506 1637 607 1656 mersa
624 1637 708 1656 mero
725 1633 798 1656 sunt
816 1628 935 1664 pocula,
954 1628 1038 1655 nulla
1056 1626 1194 1664 profanis

316 1675 424 1704 Gratia
440 1676 591 1710 convivis,
608 1682 714 1705 castus
731 1677 938 1710 sermonibus,
956 1686 1046 1713 asper

316 1725 356 1753 Et
372 1725 540 1762 castigator
555 1725 654 1754 tristis
670 1725 827 1762 peccantis
843 1725 944 1754 amici.

358 1774 429 1802 Non
446 1774 551 1804 animo
567 1775 695 1803 indulsit
712 1775 821 1803 sectari
841 1775 1005 1803 Heliconia
1022 1780 1112 1808 serta,

316 1823 543 1861 Displicuitque
559 1824 658 1852 comis
675 1823 755 1852 necti
774 1824 930 1852 Phoebeia
948 1825 1062 1852 laurus

318 1872 358 1900 Et
374 1872 560 1909 dedignatus
576 1872 739 1901 Themidis
756 1871 829 1907 fora,
849 1873 983 1901 Paeonis
999 1878 1091 1906 artes,

317 1921 382 1950 Nec
398 1921 624 1950 Chaldaeorum
641 1922 789 1950 damnata
806 1921 935 1950 scientia
951 1922 1032 1950 cordi
1050 1927 1105 1950 est.

317 1970 378 1999 Sed
394 1975 538 2007 vegetum
556 1970 716 2007 ingenium
735 1980 878 2007 segerens
895 1971 932 1998 ad
948 1971 1078 2007 originis
1094 1971 1175 1999 altae

319 2019 456 2053 Semina,
473 2019 642 2048 caelestum
659 2025 762 2048 vetera
778 2019 816 2048 ad
834 2020 1001 2055 primordia
1019 2030 1116 2048 rerum

319 2068 389 2097 Fert
405 2068 515 2097 avidos
532 2078 654 2105 passus,
672 2069 838 2105 animoque
855 2069 1013 2105 oculisque
1031 2069 1141 2097 salutis

319 2118 485 2146 Auctorem
503 2127 678 2154 agnoscens
693 2118 779 2146 caelo
795 2117 916 2146 defixus
934 2117 1054 2146 inerrat.

319 2165 359 2193 Et
375 2165 524 2194 labefacta
541 2175 670 2203 gemens
688 2166 812 2203 pietatis
828 2166 978 2203 germina,
996 2166 1073 2194 laxis

1385 223 1425 257 95
