1903 2724
43 492 78 520 95

48 741 102 759 100

49 986 101 1015 105

51 1233 105 1252 110

53 1479 105 1507 115

57 1971 108 1999 1²5

543 203 686 227 GEORGE
710 202 910 226 STRACHAN.

290 285 355 314 Nec
372 285 450 314 tales
469 285 590 314 Iocasta
607 294 705 321 genas
722 283 906 312 moribunda
923 283 1046 316 ferebat.

328 335 411 363 Dum
430 340 550 363 ruerent
567 334 637 363 telis
654 333 784 370 pignora
801 333 864 361 dira
883 333 956 361 suis.

289 384 456 412 Heliadum
473 384 583 412 cedant
599 383 776 419 lachrymae
794 381 974 418 Niobesque
990 382 1122 416 dolores,

327 433 496 470 Eurydices
512 432 648 469 gemitus
667 431 921 469 Hypsipylesque
937 436 1059 466 metus3

287 483 324 510 Et
340 491 541 518 quaecunque
558 481 623 509 suis
640 481 824 518 planxerunt
840 480 948 508 funera
963 480 1089 513 chartis,

328 531 465 568 Agmina
482 531 612 560 Castalii
629 531 681 567 qui
697 530 819 560 coluere
835 530 929 558 clior'i.

285 581 437 610 Credibile
453 587 499 609 est
517 581 595 609 tales
613 580 760 609 Macham
778 579 895 608 fudisse
912 579 1063 616 querelas,

326 631 406 659 Cum
424 630 524 667 rapuit
541 630 678 659 sobolem
697 639 827 666 quercus
843 639 939 666 opaca
957 639 1056 664 suam,

287 679 443 717 Tectaque
459 680 558 708 cilicio
575 679 618 708 sic
636 678 720 708 flevit
740 679 866 716 Respha
882 679 1044 715 gemellos,

330 729 413 758 Luce
429 729 542 766 fugans
558 729 699 757 volucres
717 728 866 766 squalida,
886 733 976 757 nocte
993 727 1082 757 feras.

291 778 391 815 Aegra
409 788 520 815 parens
536 778 650 806 satiata
666 778 768 812 maliS,
786 787 824 806 ne
840 777 1010 814 comprime
1027 776 1128 812 fletus,

330 828 398 857 Neu
417 827 530 864 pudeat
548 827 664 864 prolem
683 827 727 856 sic
743 827 903 864 gemuisse
920 831 1017 855 tuam.

289 877 430 906 Crudelis
447 877 590 912 nimium,
608 877 750 914 quisquis
766 877 820 906 tibi
838 886 951 914 ponere
968 877 1053 913 leges

329 926 458 962 Audeat,
476 931 529 955 aut
545 926 691 955 miseram
709 926 786 955 forte
802 927 907 955 dolore
924 931 1016 955 vetet.

290 975 436 1004 Solemnis
453 975 541 1012 periit
557 980 701 1004 votorum
719 985 843 1004 summa
859 981 994 1010 tuorum,

329 1024 447 1060 Magna
464 1024 664 1062 perantiquae
681 1025 778 1061 gloria
795 1034 929 1062 spesque
945 1025 1067 1054 domus.

290 1074 425 1111 Argolici
443 1074 559 1103 vellent
575 1075 654 1103 tales
671 1075 819 1111 genuisse
836 1075 939 1103 mariti

333 1125 371 1152 Et
389 1123 497 1152 Latiae
512 1128 659 1160 cuperent
676 1124 719 1152 sic
737 1123 893 1160 peperisse
909 1133 1015 1152 nurus.

291 1173 416 1211 Quanta
433 1171 489 1200 fuit
506 1172 622 1201 nitidae
638 1173 795 1209 praeclara
811 1172 965 1202 modestia
982 1173 1111 1202 frontis!

332 1222 372 1250 Et
389 1231 519 1258 praecox
535 1226 639 1250 tenera
655 1231 726 1250 cum
744 1221 897 1258 probitate
914 1223 1020 1259 pudor.

291 1271 363 1300 Non
381 1271 475 1299 talem
495 1270 629 1308 Phrygia
646 1271 746 1308 rapuit
764 1271 848 1300 Iovis
864 1271 929 1300 ales
944 1272 983 1299 ab
1000 1272 1065 1305 Ida,

331 1319 403 1348 Non
422 1319 652 1356 Labyrinthaeo
669 1320 782 1349 Cressa
800 1321 901 1357 puella
918 1321 1005 1350 bove.

290 1369 415 1398 Troilus
431 1370 513 1398 haud
530 1370 611 1405 talis,
630 1380 685 1399 nec
703 1370 958 1408 Parthenopaeus
976 1371 1005 1399 in
1022 1371 1127 1407 armis,

336 1419 401 1448 Nec
416 1419 512 1448 coluit
527 1419 622 1448 talem
640 1420 754 1457 pallida
773 1420 863 1448 Luna
880 1429 1016 1457 procum.

292 1469 364 1498 Non
382 1468 526 1505 petulans
543 1468 624 1497 acies
641 1469 793 1503 mollisve,
812 1470 865 1498 sed
882 1469 945 1498 alta
962 1469 1079 1498 severis

333 1517 441 1547 Gratia
458 1517 638 1553 luminibus,
656 1517 775 1555 flosque
791 1518 889 1547 virilis
906 1524 979 1548 erat.

290 1567 377 1596 Talis
394 1567 534 1596 Niliacos
551 1567 672 1596 iuvenis
689 1567 876 1596 cananaeus
892 1577 1015 1596 amores

336 1616 477 1653 Respuit,
494 1621 524 1645 et
540 1616 686 1645 dominae
702 1617 784 1645 dona
801 1626 968 1654 precesque
985 1626 1069 1646 suae.

293 1664 377 1693 Pone
393 1669 498 1694 tamen
516 1665 640 1701 nimios,
659 1675 714 1694 nec
731 1671 833 1694 tentes
850 1666 1002 1702 Numina,
1019 1672 1160 1703 questus,

333 1713 433 1742 Multa
447 1715 580 1752 probant
597 1724 746 1752 magnam
764 1724 856 1752 saepe
874 1715 987 1752 pericla
1005 1715 1107 1745 fidem.

293 1763 342 1792 Sic
358 1763 472 1792 misero
488 1769 625 1793 mentem
642 1773 737 1793 vexas
753 1764 888 1794 clamore
905 1765 1040 1800 beatam,

335 1813 457 1842 Gaudia
476 1813 519 1842 sic
535 1819 609 1842 nato
625 1814 784 1842 subtrahis
800 1813 868 1852 ipsa
884 1819 947 1843 tuo.

295 1862 369 1891 Sors
385 1862 470 1897 haec,
487 1873 548 1900 qua
564 1863 720 1900 premeris,
738 1868 838 1891 totum
855 1863 926 1892 tulit
941 1868 995 1892 aut
1011 1868 1115 1893 manet
1131 1865 1235 1893 orbem

336 1911 426 1940 Ferre
442 1911 549 1940 animo
565 1911 681 1941 invicto
697 1912 819 1949 publica
835 1913 951 1941 damna
967 1913 1063 1942 decet.

297 1960 418 1989 Cuncta
434 1966 537 1995 ruunt,
553 1961 707 1995 homines,
724 1962 824 1997 urbes,
841 1961 1002 1997 animalia,
1019 1966 1152 1997 montes,

332 2008 427 2038 Terra
443 2020 500 2039 suo
516 2011 642 2039 tandem
660 2016 799 2048 tempore
814 2015 843 2040 et
859 2016 944 2039 astra
959 2015 1058 2040 ruent.

296 2058 367 2087 Non
384 2068 446 2087 una
462 2059 671 2096 Omnipotens
687 2059 758 2088 fecit
775 2065 861 2097 pater
876 2059 982 2088 omnia
999 2060 1076 2093 luce,

336 2107 517 2145 Cunctaque
533 2118 595 2137 non
613 2118 675 2138 una
691 2114 764 2138 sunt
781 2109 915 2146 peritura
931 2108 989 2138 die.

1346 204 1408 235 343
