1883 2730
448 213 504 244 128
834 221 932 246 MUSA
957 221 1097 246 LATINA
1121 223 1414 248 ABERDONENSIS.

1094 303 1134 331 11.

686 366 786 404 Quam
804 366 906 395 varias
921 372 1042 402 gentes,
1059 368 1221 397 hominum
1238 374 1311 406 quot
1329 369 1406 398 vidit
1422 375 1452 398 et
1468 379 1539 398 oras

446 422 480 441 10
726 415 828 444 Paene
844 420 925 444 artes
940 416 1079 451 totidem,
1097 422 1142 446 tot
1158 422 1241 446 tenet
1257 427 1308 446 ore
1326 427 1430 447 sonOS.

686 464 725 492 Et
741 473 819 500 quas
835 474 896 493 non
914 465 998 500 vidit,
1016 470 1120 494 tamen
1137 466 1194 494 has
1210 476 1331 503 quoque
1347 467 1461 500 calluit,
1477 472 1507 496 et
1523 477 1602 504 quae

723 512 778 541 Vel
796 518 877 546 sunt,
894 514 941 541 vel
959 523 1019 542 non
1038 519 1119 547 sunt,
1136 515 1242 543 omnia
1259 515 1348 544 scivit
1366 515 1450 544 item.

682 560 738 588 Ast
755 567 846 598 caput
863 562 919 590 hoc
935 571 1041 596 unum,
1059 571 1183 591 summa
1199 568 1228 592 et
1245 563 1398 600 sapientia
1415 573 1528 598 rerum,

724 609 904 639 Salvificum
922 610 952 638 in
970 611 1094 640 Christo
1111 612 1196 646 scire,
1214 612 1320 641 docere
1339 613 1451 642 Deum.

504 685 553 707 See
565 683 678 707 Deliciae
691 685 757 708 Poel.
772 686 911 713 Scotorum,
926 685 950 708 ii.
967 692 1017 708 121.
1054 687 1160 709 Smeton
1174 685 1231 709 died
1250 686 1274 709 in
1289 686 1328 709 his
1341 686 1525 716 sorty-seventh
1542 694 1611 717 year,
1625 691 1675 711 two
1692 689 1795 713 months

437 724 499 748 after
512 725 663 753 Arbuthnot,
679 725 805 756 Principal
823 726 853 749 os
869 727 898 749 K.
913 727 951 754 C..
966 726 1094 750 Aberdeen
1112 727 1138 757 (“
1148 727 1238 758 premit
1249 728 1327 750 altera
1339 735 1405 751 mors
1418 732 1442 750 et
1459 727 1544 750 funere
1560 727 1637 750 funus
1648 728 1752 752 acerbat
1762 729 1795 758 Ἴ.

439 765 521 790 “The
542 768 652 790 removal
674 767 703 789 os
719 772 769 790 two
789 775 845 790 men
868 775 896 791 so
917 768 991 791 much
1009 767 1121 795 rewred,
1141 768 1189 791 and
1207 768 1352 799 oecupying
1372 769 1432 791 such
1452 768 1591 798 important
1609 769 1724 797 stations,
1742 777 1795 793 was

437 807 589 838 universally
602 807 724 831 bewailed
737 816 766 832 as
778 816 809 831 an
823 809 970 839 irreparable
983 809 1040 836 1035,
1054 808 1111 837 and,
1123 809 1256 840 occurring
1268 814 1292 832 at
1305 817 1320 833 a
1331 809 1426 832 critical
1445 808 1538 840 period,
1552 817 1605 833 was
1619 809 1708 833 looked
1719 817 1752 833 on
1765 818 1794 834 as

437 856 451 872 a
465 849 682 880 prognostication
695 849 724 872 of
736 850 912 880 approaching
925 850 1088 873 calamities'‘
1103 849 1237 880 (Mclvillc,
1251 858 1274 881 p.
1285 851 1333 881 90).
1370 850 1418 873 For
1432 850 1473 873 lise
1485 849 1535 873 and
1548 850 1624 878 work.
1638 858 1679 881 pp.
1692 851 1790 881 367-69.

501 899 522 921 5.
542 891 674 922 quiritans.
693 892 779 922 crying
797 897 847 916 out.
883 892 1031 923 “Quiritare
1051 891 1139 915 dicitur
1161 892 1182 915 is
1200 892 1241 922 qui
1263 891 1396 922 Quiritium
1419 891 1493 915 fidem
1514 892 1629 915 clamans
1650 892 1792 923 implorat'’

439 932 537 963 (Varrov
552 933 615 957 L.L.
629 933 653 960 6,
666 940 688 962 7,
701 935 713 962 ἐ
725 933 774 963 68).

690 1083 807 1114 XXVI
818 1083 840 1114 l.
867 1083 1150 1115 GULIELMUS
1175 1083 1237 1114 CH
1247 1083 1540 1115 RISTISONVS.

761 1161 928 1184 Ecclesiaste-s
942 1160 1122 1184 Taodunensis
1133 1161 1194 1184 obiit
1207 1161 1254 1184 xvi.
1267 1162 1323 1184 Oct.
1338 1161 1386 1184 An.
1402 1167 1471 1190 1599.

1105 1219 1128 1247 1.

680 1277 846 1306 Desertum
863 1287 933 1306 cum
951 1287 999 1306 me
1015 1277 1169 1306 desertum
1188 1277 1209 1305 it
1226 1277 1322 1313 patria
1339 1276 1438 1305 civem

718 1327 797 1355 Cum
815 1336 870 1355 nec
887 1336 958 1363 spes
974 1326 1053 1355 orsis
1069 1325 1180 1355 sufficit
1198 1326 1351 1361 ingenuis,

679 1375 781 1404 Altera
799 1377 838 1403 mi
856 1376 1030 1412 quaerenda
1047 1374 1112 1404 fuit.
1159 1375 1209 1403 Mc
1227 1374 1363 1403 Cimbria
1380 1374 1470 1412 cepit,

719 1425 778 1453 Hic
795 1424 884 1452 didici
904 1424 1029 1452 Cimbro
1046 1424 1171 1452 Cimbra
1189 1423 1295 1452 referre
1313 1432 1399 1452 sono.

454 1483 469 1510 5
679 1474 746 1501 1100
763 1482 811 1501 me
830 1473 929 1508 Berga
947 1472 996 1500 diu
1014 1472 1089 1500 vidit
1107 1472 1252 1507 Norvega
1269 1473 1439 1505 docentem,

716 1522 790 1550 Inde
806 1521 992 1549 Taodunum
1010 1521 1156 1558 plebsque
1174 1526 1337 1558 patresque
1353 1526 1475 1549 vocant*

676 1570 740 1599 Feci
758 1571 838 1607 quod
856 1570 938 1607 potui
956 1575 1043 1598 tanto
1060 1571 1117 1598 sul)
1134 1570 1268 1606 pondere
1285 1579 1396 1603 rerum,

717 1619 799 1646 Dum
817 1619 947 1647 tremulo
963 1619 1098 1655 obrepsit
1113 1627 1191 1647 cana
1209 1624 1334 1647 senecta
1349 1618 1455 1654 gradu.

677 1668 826 1696 Doctores
842 1668 953 1696 habeat
970 1668 1085 1696 multos
1101 1668 1173 1695 urbs
1190 1667 1314 1704 inclyta.
1361 1667 1420 1696 Sed
1438 1677 1487 1696 me

435 1728 468 1746 10
715 1716 746 1744 Si
765 1715 839 1744 ferat
856 1716 905 1744 illa
924 1721 1052 1752 patrem,
1071 1725 1132 1744 non
1149 1716 1249 1744 aliena
1266 1715 1349 1745 feret.

1079 1806 1118 1834 ll.

679 1873 715 1896 De
729 1873 898 1898 Christisono,
911 1876 934 1895 er
948 1872 1002 1895 eius
1018 1872 1126 1895 Patrono
1137 1871 1244 1897 Gabelo.
1259 1871 1386 1902 Episcopo
1401 1871 1531 1901 Bergensi.

672 1931 739 1960 Fifa
755 1931 855 1960 dedit:
879 1940 927 1959 me
946 1931 1044 1967 Berga
1062 1929 1153 1963 fovet,
1171 1930 1253 1958 cultu
1273 1929 1389 1958 Hafnia
1406 1935 1512 1966 pectus

671 1981 809 2009 Excolit:
833 1980 902 2008 inde
918 1979 999 2016 capit
1016 1989 1064 2007 me
1081 1979 1186 2007 schola
1202 1978 1385 2007 varniaduni
1403 1978 1453 2016 (?).

671 2030 784 2064 Reddo,
802 2039 856 2058 ceu
873 2029 982 2059 decuit,
1002 2027 1110 2063 Bergis
1127 2027 1256 2056 nutricia
1273 2028 1354 2055 dona

671 2080 709 2107 Et
726 2078 851 2116 patriae.
897 2078 952 2106 Ast
969 2087 1048 2114 quae
1064 2077 1132 2105 dem
1151 2077 1253 2113 digna,
1271 2077 1399 2110 Gabelc,
1418 2077 1495 2105 tibi?

432 2138 462 2167 ¹5
671 2128 702 2156 Si
719 2137 779 2164 qua
795 2127 861 2155 (ledi
879 2135 1010 2163 usquam
1027 2125 1114 2154 aliis:
1139 2125 1163 2153 si
1180 2125 1252 2162 quid
1270 2125 1345 2153 mihi
1363 2125 1460 2161 patria
1477 2125 1576 2159 debet,

671 2177 755 2204 Haec
772 2175 824 2204 tibi
843 2184 909 2210 nos,
926 2180 1026 2203 tecum
1045 2183 1102 2203 nos
1117 2183 1238 2210 quoque
1254 2179 1365 2202 cuncta
1383 2173 1458 2202 Deo.
