1903 2724
79 341 112 370 75

77 581 115 608 80

75 1084 113 1110 90

74 1328 109 1356 95

78 1574 133 1592 100

77 1819 129 1847 105

76 2065 130 2082 110

557 200 668 224 [mvn]
695 200 956 225 WlilnuzlufflRN.

322 282 370 310 Fit
387 282 437 311 via
454 282 482 310 vi
499 293 504 312 :
529 282 628 311 victos
645 283 757 319 pariter
773 283 869 319 pudor
886 283 990 319 iraque
1007 284 1098 312 mista

320 331 521 368 Victoresque
537 332 687 360 animant.
733 331 874 360 Tandem
892 337 997 361 tamen
1014 333 1103 361 altior
1120 333 1210 362 heros

322 381 476 409 Hostibus
492 387 521 410 et
539 381 613 409 nulli
632 387 770 410 veterum
788 381 900 410 virtute
918 383 1072 411 secundus

320 430 432 466 Vincit,
451 436 480 459 et
498 431 664 459 inctactum
683 431 767 467 regni
787 431 842 459 sibi
861 437 963 460 servat
980 432 1138 462 honorem.

322 479 372 508 Sic
389 480 442 508 tibi
460 490 510 509 rex
529 481 571 509 sic
588 490 702 517 magne
718 480 780 508 tuis
796 481 939 509 diadema
957 487 1112 518 perennet.

322 530 504 559 Iustitiaene
521 531 604 567 prius
621 530 712 559 mirer
729 530 840 559 belline
857 531 996 559 laborum

319 580 407 618 Quos
424 580 527 617 proavi
545 589 615 608 cum
633 580 721 609 laude
739 581 791 615 tui,
810 590 861 608 rex
877 590 1001 617 magne,
1019 581 1138 610 tulere?

322 629 419 665 Signa
436 629 534 658 oculis
552 629 704 665 Mainum,
724 629 912 665 Finnanum,
931 631 1059 659 nomina
1076 631 1184 667 prisca,

320 679 391 707 Non
409 688 499 715 mage
516 678 615 716 prisca
631 684 736 707 tamen
754 689 846 716 quam
864 689 989 715 magna.
1037 680 1096 708 Hic
1113 681 1235 708 saecula
1254 681 1355 716 regnis

320 728 424 764 Digna
441 728 512 762 tuis,
532 728 696 765 Princeps;
721 727 852 757 Themis
869 728 917 757 hic
933 728 1064 757 Themis
1081 729 1147 766 ipsa
1164 729 1334 766 triumphat

323 777 440 814 Usque,
460 777 649 806 Metellanus
667 777 792 813 sapiens
808 786 878 806 cum
898 777 1005 814 prodit,
1025 778 1154 806 Evenus

323 826 402 854 Cum
419 835 508 855 curru
525 826 691 859 invehitur,
709 836 759 855 rex
777 827 1034 855 servantissimus
1050 827 1150 863 aequi.

324 875 384 903 His
400 876 516 904 addunt
534 885 602 904 sese
618 876 748 905 comites
765 876 946 912 Cong'allus‚
966 876 1094 910 Ederus,

321 924 462 959 Etsinus,
481 925 661 959 Convanus,
679 925 817 953 Achaius
834 930 940 953 auctor
956 925 1076 953 amicus

323 973 469 1002 Foederis
487 974 618 1009 immoti,
638 974 731 1003 Scoto
748 983 808 1010 quo
826 974 937 1002 Gallus
954 984 1058 1003 amore

319 1024 452 1052 Aeterno
469 1029 516 1053 est
533 1024 667 1059 iunctus,
685 1024 787 1052 radios
805 1025 877 1052 dum
898 1024 1042 1053 Phoebus
1059 1025 1098 1052 ab
1117 1025 1194 1052 Indo

320 1074 424 1102 Littus
440 1075 478 1102 ad
498 1074 684 1111 Hesperium
702 1074 792 1103 rutilo
808 1073 1007 1103 transfuderit
1025 1084 1090 1103 axe.

319 1123 370 1152 Sic
386 1123 441 1152 tibi
458 1133 516 1158 rex,
535 1124 577 1152 sic
595 1124 682 1152 Carle
699 1123 761 1152 tuis
778 1124 920 1152 diadema
938 1128 1094 1160 perennet.

319 1172 405 1201 Adde
421 1173 502 1209 quod
519 1182 536 1200 a
553 1172 660 1209 primis
678 1172 789 1201 saeclis
805 1172 948 1201 diadema
964 1173 1099 1201 dicatum

322 1221 388 1249 Iam
405 1221 459 1249 tibi
478 1221 627 1250 sacrarint
644 1231 732 1258 reges
748 1221 872 1258 pietatis
889 1231 993 1250 amore

319 1269 469 1298 Illustres.
514 1270 666 1299 Diadema
684 1270 723 1307 pii
742 1276 959 1308 sceptrumque
977 1271 1111 1300 Donaldi

317 1319 471 1356 Adspice3
495 1319 601 1348 clausa
618 1319 701 1356 prius
719 1319 799 1357 prior
815 1320 863 1348 hic
880 1319 1021 1357 patefecit
1039 1321 1164 1358 Olympi

319 1368 454 1402 Limina,
473 1369 530 1396 sub
547 1368 632 1405 leges
649 1374 748 1397 totum
766 1378 836 1397 cum
854 1369 1004 1398 mitterret
1021 1370 1124 1398 orbem

320 1417 464 1446 Christus
480 1423 509 1446 et
526 1417 636 1446 inferni
653 1423 803 1455 premeret
820 1418 895 1455 pede
911 1418 989 1446 colla
1005 1418 1138 1456 tyranni.

316 1465 398 1495 Tum
415 1476 487 1495 vero
505 1467 639 1496 Druides
656 1467 758 1504 procul
775 1476 943 1502 excessere,
961 1467 1081 1504 ruitque

321 1515 410 1544 Vana
428 1515 607 1552 superstitio
624 1525 774 1553 veraeque
791 1516 899 1553 ignara
917 1516 1037 1545 salutis.

320 1564 406 1592 Haec
423 1564 512 1593 firmo
529 1565 714 1593 Cratilinthe
732 1565 847 1602 premis
863 1565 996 1601 vestigia
1012 1575 1131 1601 gressu.

318 1612 363 1642 Te
381 1613 637 1642 Fincormachius
654 1614 800 1651 sequitur.
845 1614 1034 1651 Dongardus
1050 1615 1088 1642 ab
1104 1615 1166 1642 alto

322 1662 521 1691 Praesulibus
538 1663 633 1691 sacris
650 1673 771 1691 sacrum
789 1668 875 1700 parat
891 1664 960 1692 inde
977 1663 1097 1692 tiaram.

317 1711 418 1740 David
435 1721 510 1749 opes
526 1712 647 1749 amplas
664 1713 875 1749 superaddidit
890 1713 1056 1750 amplaque
1073 1713 1189 1750 passim

322 1760 460 1795 Praedia,
479 1770 591 1798 perque
607 1771 718 1790 omnes
735 1771 899 1790 nemorosa
916 1762 1031 1799 palatia
1048 1761 1135 1790 fines.

318 1809 408 1847 Quid,
425 1811 498 1846 quid
514 1815 560 1838 tot
576 1820 745 1839 memorem
763 1810 874 1848 reges?
920 1810 1127 1847 Cognominis
1143 1820 1216 1838 aura

318 1858 437 1887 Sufficit
453 1868 515 1887 una
531 1859 585 1888 tui.
631 1860 793 1888 Steuartos
811 1865 931 1896 pectore
947 1860 1053 1894 conde,

319 1907 501 1944 Progeniem
519 1907 657 1945 imperiis
673 1913 779 1936 natam
797 1913 826 1936 et
844 1908 982 1937 felicibus
998 1914 1120 1936 auctam

314 1956 482 1994 Auspiciis,
499 1957 646 1993 omnique
662 1967 762 1994 genus
778 1957 980 1986 memorabile
997 1958 1106 1986 saeclo.

316 2005 402 2043 Quos
418 2005 531 2042 quibus
547 2006 718 2035 anteferam
734 2006 744 2035 ?
790 2007 922 2035 Genitor
937 2012 1010 2035 tuus
1027 2006 1077 2035 ille
1094 2016 1220 2035 suorum

316 2054 429 2083 Sextus
444 2055 534 2084 Atlas
551 2058 711 2093 proavum,
729 2057 837 2085 laudes
855 2057 1066 2093 supereminet
1082 2066 1201 2086 omnes.

316 2103 376 2132 Hic
392 2109 448 2140 est,
465 2104 514 2133 hic
531 2114 642 2142 nempe
659 2110 715 2139 est,
733 2114 840 2142 regum
857 2105 904 2133 cui
923 2105 1020 2141 prima
1037 2105 1182 2142 voluptas

316 2152 482 2183 Discordes
498 2153 615 2182 vincire
631 2154 773 2188 animos3
799 2154 850 2190 qui
867 2155 946 2183 bella
964 2164 1093 2192 perosus

1443 2022 1555 2052 jacobus
1567 2022 1694 2053 pacificus
