1883 2730
415 213 476 235 222
801 211 901 236 MUSA
926 211 1065 235 LATINA
1090 207 1386 235 ABERDONENSIS.

658 291 788 320 Cunctis
805 291 854 320 ille
870 291 930 328 piis
946 291 1057 320 flebilis
1073 290 1193 323 occidit,

418 349 453 369 10
701 340 765 368 Ceu
783 339 905 369 flendus
921 341 1042 378 potius:
1067 339 1189 368 flendus
1204 336 1344 366 acerbius

552 385 554 387 ’
701 388 810 423 Nobis,
827 389 865 417 ah
882 389 1014 425 miseris,
1031 398 1124 426 quam
1142 387 1218 425 perit
1234 385 1391 418 omnibus,

782 438 871 467 Eheu
890 439 1058 468 Forbesius
1075 437 1176 475 pater!

663 487 751 516 Eheu
768 497 850 516 nunc
865 488 974 516 cecidit
996 487 1214 524 Presbyterum
1233 484 1326 518 iubar,

702 536 876 573 Mystarum
893 537 1046 571 columen,
1063 535 1108 564 far
1123 543 1244 572 quoque
1259 532 1434 566 consulum,

420 595 452 623 15
703 585 742 614 Et
759 586 903 622 splendor
920 586 1046 619 Boreae,
1062 584 1159 621 gloria
1177 582 1319 614 Martiae,

783 634 900 670 Ingens
918 634 1120 664 Forbesidum
1138 632 1248 662 decus!

665 684 723 712 Sed
741 683 822 712 vitae
839 683 1002 721 integritas
1019 683 1129 720 diaque
1145 681 1307 714 sanctitas,

704 732 738 760 In
757 741 844 760 sacro
860 731 960 760 officio
977 732 1053 760 mira
1070 730 1213 764 fidelitas,

704 780 834 809 Necnon
851 781 1000 809 sedulitas
1018 779 1156 809 Forbesii
1174 777 1269 815 patris

421 840 456 858 20
785 830 918 858 Laudari
936 834 1093 866 nequeunt
1110 828 1196 857 satis.

663 879 796 907 Laudari
815 884 971 915 nequeunt
987 888 1065 916 quae
1081 877 1176 906 nimis
1192 881 1245 905 aut
1262 875 1349 909 satis,

703 927 815 956 Defieri
833 927 964 956 nimium
981 927 1027 956 vel
1050 927 1127 955 satis
1143 926 1225 954 haud
1242 929 1370 961 queunt.

705 976 831 1004 Illorum
849 982 881 1004 at
897 976 1034 1013 gemitus
1052 981 1173 1005 moesta
1189 973 1340 1002 memoria

787 1025 920 1054 Nostros
937 1024 1107 1062 amplificat
1123 1033 1243 1061 graves,

421 1085 455 1113 25
662 1073 740 1102 Tam
757 1075 829 1102 clari
848 1075 962 1103 iubaris
980 1074 1126 1111 reliquiae
1143 1073 1211 1110 piae

707 1124 853 1152 Solamen
871 1124 1038 1160 lachrymis
1055 1123 1194 1160 protinus
1211 1121 1370 1154 adferunt;

705 1172 925 1209 Virtutumque
941 1173 1008 1206 viri,
1027 1172 1078 1209 qui
1096 1176 1246 1208 superest,
1264 1170 1345 1198 nitor

788 1222 894 1258 Ipsum
913 1231 974 1250 non
994 1221 1109 1258 patitur
1125 1220 1211 1250 mori.

669 1270 755 1299 Haec
773 1276 844 1299 sunt
862 1271 988 1307 pulchra
1006 1271 1140 1307 quidem,
1157 1269 1314 1306 pulchrius
1330 1273 1360 1296 at
1377 1267 1433 1296 suit

420 1331 458 1357 30
706 1320 813 1356 Ipsum
831 1320 877 1348 vel
896 1319 982 1348 senio
998 1329 1120 1348 cernere
1137 1319 1280 1351 debilem,

706 1369 765 1397 Sed
783 1368 891 1398 fortem
910 1369 1026 1405 ingenii
1045 1369 1179 1402 dotibus,
1196 1376 1321 1396 auream

788 1418 1016 1446 Monstrantem
1035 1417 1164 1454 sophiae
1180 1417 1272 1446 viam.

664 1466 730 1495 Ab!
755 1466 832 1505 Quis
850 1473 953 1495 nostra
972 1471 1074 1503 potest
1091 1466 1205 1494 damna
1222 1464 1409 1502 rependere?

708 1515 794 1543 Eheu
812 1515 899 1551 queis
916 1514 1092 1552 lachrymis,
1111 1514 1198 1550 queis
1216 1512 1386 1541 ululatibus

423 1574 457 1602 35
706 1563 785 1591 Tam
802 1563 861 1592 cari
879 1563 990 1600 capitis
1008 1562 1114 1592 funera
1131 1561 1299 1591 flebimus?

789 1613 854 1640 Iam
872 1622 910 1641 ne
927 1613 966 1640 sit
987 1612 1155 1650 lachrymis
1172 1612 1293 1641 modus.

668 1662 755 1691 Eheu
773 1671 831 1691 nos
848 1662 995 1690 miseras!
1019 1661 1139 1696 occidit,
1156 1659 1267 1689 occidit

710 1711 775 1739 va
793 1716 898 1739 nostra
915 1715 944 1738 et
960 1711 1104 1739 columen
1118 1720 1124 1743 ;
1147 1708 1260 1738 nobilis
1275 1707 1386 1737 occidit

710 1760 834 1788 Praesul
854 1759 1033 1792 Forbesius,
1050 1758 1159 1787 doctus
1175 1762 1205 1786 et
1222 1757 1346 1786 inclitus

427 1821 468 1845 40
795 1808 916 1837 Virtute
933 1812 963 1836 et
980 1807 1142 1844 sapientia.

670 1857 695 1885 E
713 1862 819 1886 centro
835 1857 927 1885 citius
943 1861 1022 1884 terra
1039 1855 1222 1889 movebitur,

712 1907 758 1935 De
775 1906 861 1935 caelo
876 1905 970 1934 citius
988 1905 1086 1933 sidera
1103 1905 1253 1939 decident,

710 1956 812 1994 Quam
830 1964 887 1983 nos
906 1954 1043 1982 Forbesii
1062 1953 1167 1982 funera
1184 1953 1328 1990 plangere

795 2004 965 2033 Cessemus
982 2003 1114 2031 madidis
1130 2002 1227 2039 genis

1157 2068 1327 2097 Condoluit
1349 2068 1427 2097 idem
1445 2068 1516 2097 Gul.
1535 2067 1703 2101 Lauderus,

1321 2117 1549 2146 Philo-Musus.
