1883 2730
440 316 477 342 30

439 560 474 588 35

441 803 477 828 40

441 1046 477 1074 45

444 1291 480 1318 50

442 1773 479 1798 (10

446 2015 481 2050 65

819 225 923 249 4ΜΚἫΑ
950 225 1088 249 LATINA
1113 225 1407 249 ABERDONENSIS.

521 305 697 337 liberalitas,
719 314 772 333 seu
794 305 921 333 basilica
945 305 1060 341 potius,
1077 310 1106 333 et
1122 310 1210 333 tanto
1236 305 1338 334 Heroc
1362 305 1456 340 digna
1478 305 1716 343 μεγαλοπρέπεια.
1763 304 1798 332 In

521 355 577 383 hac
607 354 719 383 virtute
749 355 894 383 excellere
925 354 1043 387 statuit,
1073 354 1103 382 in
1127 364 1188 391 qua
1217 364 1333 391 paucos
1363 354 1498 384 videbat.
1525 358 1579 381 aut
1603 352 1664 382 fere
1694 353 1798 381 nullos

520 403 664 431 eminere.
711 403 847 431 Noverat
867 403 949 431 enirn
971 403 1143 431 acutissimi
1167 403 1213 430 vir
1232 403 1357 438 ingenii,
1379 403 1463 431 nulla
1486 412 1516 430 re
1533 402 1635 437 magis
1652 402 1799 430 mortales

520 453 558 480 ad
583 452 773 481 Immortalis
798 451 861 480 Dm
886 457 1038 484 naturam,
1056 461 1134 488 quae
1158 461 1281 480 summa
1305 451 1428 479 bonitas
1453 457 1510 485 est,
1535 451 1687 484 accedere,
1704 460 1797 487 quam

521 502 611 538 plena
635 501 728 538 (quod
758 500 857 539 aiunt)
885 510 978 528 manu
1010 500 1179 537 largiendo,
1203 511 1237 528 ac
1267 501 1302 528 de
1333 499 1440 528 multis
1471 499 1572 536 quoad
1594 498 1657 528 fieri
1684 504 1800 536 posset,

520 551 596 578 bene
620 549 774 578 merendo.
820 549 1028 577 Liberalitatis
1053 554 1081 576 et
1109 549 1268 587 εί-εργεο-ιάς
1291 549 1359 577 eius
1382 553 1586 576 monumenta
1612 557 1673 576 non
1702 556 1800 584 pauca

520 603 652 632 exstant,
671 598 723 626 sed
740 597 859 626 nullum
877 598 957 634 quod
974 597 1021 626 vel
1042 597 1178 625 nominis
1194 597 1421 630 aeternitatem,
1439 597 1486 625 vel
1509 597 1612 633 gentis
1638 596 1798 624 ΚΕτΗΕΑΕ

521 646 740 680 celebritatem,
769 655 988 683 usquequaque
1023 646 1051 673 in
1084 655 1208 674 omnem
1242 645 1424 682 propagabit
1455 645 1679 682 posteritatem,
1705 654 1798 681 quam

522 695 827 723 Mmuscnsttmvm
853 695 920 728 hoc,
948 695 985 722 ad
1010 694 1243 731 disciplinarum
1271 703 1381 731 operae
1403 694 1499 731 pretia
1527 695 1747 730 promovenda,
1770 698 1799 722 et

521 744 717 772 vacillantem
749 754 810 772 rem
837 744 1000 772 literariam
1026 743 1222 777 fulciendam,
1253 743 1458 771 Assaanoxlrs
1488 742 1615 776 nostris,
1647 742 1712 770 suis
1743 742 1800 770 im—

522 792 626 828 pensis
648 792 825 826 excitatum,
849 798 877 821 et
901 793 1057 821 luculento
1081 792 1268 829 patrimonio
1291 793 1476 820 decoratum.

585 841 674 869 Drzvs
715 841 914 874 Immortalis,
945 841 1016 878 quid
1051 841 1109 869 hoc
1149 841 1355 877 pulcherrimo
1401 840 1680 876 laudatissimoque
1718 839 1799 868 facto

523 890 716 926 praeclarius,
734 890 806 926 quid
829 890 1012 926 sapientius,
1029 889 1101 926 quid
1126 889 1234 917 illustri
1262 889 1363 918 Heroe
1387 889 1524 925 dignius,
1541 889 1614 925 quid
1640 888 1799 917 Ecclesiae

522 945 551 967 et
577 939 704 976 Reipub.
731 939 836 967 utilius
865 948 899 967 ac
930 939 1097 967 salutarius
1125 939 1362 968 commemorari
1393 939 1513 975 queat?
1550 937 1666 967 fontem
1695 938 1797 975 ipsum

524 997 621 1016 rerum
661 989 810 1016 bonarum
849 988 1001 1022 omnium,
1032 993 1124 1024 atque
1154 987 1275 1016 utilium
1319 987 1425 1016 effudit
1468 988 1607 1024 Inclytus
1647 987 1798 1015 MARIS-

523 1037 737 1072 CHALLVS,
764 1037 814 1073 qui
842 1037 987 1065 Scholam
1012 1037 1100 1070 hanc,
1129 1042 1161 1064 ut
1185 1046 1351 1065 commune
1371 1037 1526 1073 quoddam
1555 1036 1710 1065 literarum
1737 1046 1799 1065 em-

524 1085 641 1122 porium
655 1085 772 1122 primus
785 1086 901 1122 aperuit
920 1095 926 1119 ;
951 1086 1120 1114 barbariem
1134 1086 1369 1118 exterminavit;
1395 1085 1585 1122 impietatem
1604 1085 1798 1122 profligavit;

524 1135 626 1171 legum
649 1139 856 1171 contemptus,
880 1135 1058 1169 seditiones,
1082 1135 1294 1172 scelerumque
1315 1134 1446 1163 effusam
1469 1135 1626 1163 licentiam
1651 1135 1798 1168 cohibuit,

523 1183 665 1217 coercuit,
692 1183 901 1220 compescuit;
935 1183 1060 1212 Civitati
1092 1184 1349 1215 ABREDONANAE,
1381 1183 1522 1220 illiusque
1548 1183 1700 1211 iuventuti
1728 1192 1802 1211 con-

523 1232 628 1265 suluit,
653 1231 812 1269 effecitque
839 1238 870 1260 ut
897 1232 985 1269 quasi
1018 1233 1212 1269 postliminio
1235 1233 1446 1261 restitueretur
1477 1242 1535 1269 pax
1564 1237 1594 1261 et
1627 1232 1799 1267 concordia,

523 1280 636 1308 veritas
659 1286 688 1308 et
711 1281 809 1317 pietas
833 1286 1032 1315 revocaretur,
1056 1281 1189 1310 redirent
1213 1282 1389 1310 innocentia
1413 1287 1442 1310 et
1472 1290 1592 1309 morum
1624 1281 1796 1317 integritas,

523 1329 662 1357 omnium
686 1329 816 1366 denique
833 1330 1031 1358 scientiarum
1049 1336 1078 1358 et
1095 1330 1242 1358 virtutum
1260 1331 1372 1364 studia,
1389 1331 1426 1358 ad
1443 1338 1641 1358 communem
1659 1329 1752 1357 huius
1771 1334 1801 1357 et

523 1377 642 1407 futurae
664 1379 745 1407 vitae
772 1379 1029 1408 iucundissimam
1060 1379 1235 1408 fruitionem
1262 1379 1498 1413 reflorescerent,
1530 1384 1559 1407 et
1582 1379 1645 1406 vim
1668 1378 1802 1415 dignita-

523 1432 648 1464 temque
688 1428 829 1456 meritam
868 1434 1090 1465 recuperarent.
1136 1428 1207 1456 Non
1246 1437 1374 1465 possum
1415 1437 1473 1464 ego
1503 1427 1700 1456 taciturnatis
1730 1427 1800 1455 velo

523 1476 704 1504 obumbrare
721 1477 934 1514 εὐχαριστήριον
949 1477 1022 1505 illud
1039 1477 1211 1505 doctissimi
1229 1477 1385 1513 quondam
1411 1476 1500 1512 vatis
1526 1481 1556 1504 et
1580 1475 1798 1504 humaniorum

523 1525 678 1552 literarum
712 1525 929 1553 Promi-Condi
958 1526 1095 1561 Cargilli,
1123 1526 1204 1562 quod
1230 1526 1442 1554 illustrissimo
1469 1530 1574 1554 nostro
1597 1525 1714 1559 comiti,
1742 1525 1799 1553 hoc

525 1573 591 1609 ipso
614 1573 740 1602 nomine
762 1574 954 1610 conscripsit,
978 1575 1178 1602 consecravit.
1217 1574 1263 1604 Sic
1287 1575 1381 1610 igitur
1403 1574 1462 1603 ait:

607 1622 697 1660 Quod
714 1623 832 1651 meritis
852 1623 1087 1651 Munscmrma
1105 1624 1166 1652 tuis
1185 1624 1354 1659 Regalibus
1371 1624 1441 1658 illis,

605 1672 774 1700 Aeternum
791 1671 931 1700 addictas
947 1673 1111 1701 obstrinxti
1129 1673 1248 1702 foedere
1266 1672 1386 1709 Musas,

606 1721 632 1748 O
648 1726 784 1758 quantus
800 1725 829 1748 te
845 1726 986 1757 expectat
1003 1721 1121 1750 honos!
1145 1731 1206 1758 quo
1223 1722 1349 1750 nomine
1367 1727 1471 1757 surget

606 1769 702 1796 Fama
719 1769 772 1797 tibi
788 1769 918 1797 eximias
935 1779 1078 1806 sparsura
1096 1770 1125 1798 in
1143 1771 1255 1799 saecula
1272 1771 1401 1799 laudes?

606 1817 685 1845 Tota
701 1817 755 1845 tibi
773 1817 888 1854 patriae
906 1818 1038 1846 multum
1058 1818 1192 1855 Respub.
1210 1819 1318 1853 debet3

607 1866 720 1902 thote
737 1866 817 1902 quod
833 1867 990 1902 quondam
1009 1866 1102 1903 legati
1121 1876 1247 1895 munere
1265 1866 1408 1895 functus:

606 1915 758 1953 Quodque
774 1915 854 1950 geris
871 1915 968 1943 tantis
985 1925 1082 1943 rerum
1100 1915 1261 1943 molimina
1278 1916 1385 1950 turbis,

608 1963 640 1991 Si
658 1973 736 2000 quae
753 1963 828 1992 forte
844 1963 925 1992 sient
941 1973 1041 1993 arcere
1058 1964 1254 1993 incommoda
1271 1970 1441 2001 promptus,

609 2013 670 2041 Sed
687 2022 788 2049 mage,
807 2013 886 2049 quod
906 2012 1016 2040 Musas
1033 2012 1076 2041 sic
1091 2022 1124 2041 es
1139 2013 1320 2049 complexus
1335 2013 1488 2042 alumnas.

607 2062 681 2090 Plus
697 2061 750 2090 tibi
767 2067 872 2090 nostra
888 2067 991 2090 tamen
1008 2062 1098 2091 debet
1115 2062 1262 2099 Respub.,
1279 2067 1367 2090 tanto

610 2111 763 2139 Devincta
779 2110 890 2145 officio,
909 2116 974 2139 tum
993 2120 1025 2140 se
1041 2111 1148 2140 debere
1164 2111 1293 2145 fatetur;

607 2160 664 2188 Cui
683 2166 773 2188 vovet
791 2160 820 2188 in
838 2160 950 2189 vestris
967 2170 1089 2197 semper
1105 2170 1172 2189 sese
1189 2160 1280 2189 affore
1298 2161 1396 2194 rebus,
