1903 2724
40 632 56 656 ί)
59 631 76 649 0

40 874 75 903 95

42 1123 97 1142 100

44 1369 96 1397 105

43 1616 98 1634 110

43 1859 96 1888 115

44 2104 98 2122 120

521 195 632 218 DAVN)
659 195 923 218 w1⁴31›1)1<11<13UI<N.

280 277 370 315 Quod
387 277 512 305 tandem
531 277 717 305 horrendum
735 275 857 305 facinus
874 286 936 305 non
955 277 1065 314 polluit
1081 278 1169 305 oras!

282 326 368 354 Haec
385 326 450 354 loca
468 325 590 362 pacavit
607 325 770 354 libramine
788 325 862 353 iuris
879 326 980 354 amico

282 375 343 404 Hic
360 381 464 404 noster
484 375 640 411 Princeps,
658 376 735 404 adeo
752 380 785 403 ut
803 375 911 404 Minoa
930 381 1055 412 putares

282 423 342 452 Hic
358 424 470 452 solium
489 424 593 453 fixisse
610 434 701 453 suum
718 430 747 453 et
764 424 916 462 Gortynia
934 430 1063 461 sceptra.

281 473 352 501 Non
371 473 448 502 latro
465 479 635 502 nocturnus
651 474 843 507 obambulat,
861 473 976 510 impius
992 474 1077 501 intus

281 523 382 551 Saeva
399 523 485 551 sedet
502 532 595 559 super
610 532 695 551 arma
713 522 802 558 furor,
820 523 1006 559 vinctusque
1022 523 1143 551 catenis

280 570 413 600 Tradere
431 581 463 600 se
481 572 566 608 pacis
583 572 640 600 sub
657 572 743 609 leges
759 573 880 609 cogitur
896 582 1022 608 aequas.

280 619 381 656 Atque
397 620 439 648 ita
455 619 597 655 confecit,
614 621 695 657 quod
713 631 773 649 non
793 627 920 658 potuere
938 622 1054 658 priores

283 668 384 697 Marte
399 669 446 698 vel
464 675 528 698 arte
545 679 681 706 unquam
700 680 796 706 reges.
844 671 1012 699 Prudentia
1028 671 1117 700 tanti.

321 718 389 756 Qui
406 719 557 747 Salomon
575 719 669 748 veluti
687 720 763 748 caeli
780 721 853 749 dum
872 720 991 748 missus
1007 721 1044 748 ab
1061 730 1117 748 axe

286 767 417 803 Enituit,
435 768 598 805 radiosque
614 770 719 797 orbem
737 770 855 798 dimisit
873 769 902 798 in
919 779 1057 805 omnem,

282 816 422 845 Mentem
441 817 482 845 illi
499 818 653 846 excultam
672 818 783 847 studiis
800 819 925 847 solertia
941 819 979 847 ad
996 829 1106 848 omnes

286 865 442 895 Fortunae
459 868 608 903 regnique
625 867 708 897 vices
725 868 792 897 sine
808 868 936 897 crimine
954 868 1051 903 finxit,

284 914 402 944 Iudicio
417 921 547 945 assueto
564 916 742 946 maeandris
759 917 862 946 ludere
880 918 923 955 (in
940 923 1059 946 arctum

282 964 365 992 Dum
383 974 493 1002 gyrum
511 965 629 995 ratione
645 972 750 1003 ageret
768 967 931 995 molimina
948 967 1053 1003 magni

283 1013 433 1052 Pectoris)
451 1014 626 1051 intuituque
642 1015 768 1052 obliquo
785 1016 936 1052 stringere
954 1022 1080 1044 metam.

283 1063 352 1091 Hoc
368 1063 477 1100 Tagus
493 1069 648 1100 expertus,
666 1064 797 1093 miratus
815 1066 960 1102 Sequana
977 1070 1006 1094 et
1026 1065 1104 1093 Ister

283 1112 439 1141 Turbidus
455 1118 485 1142 et
502 1118 587 1150 pater
604 1113 670 1150 ipse
687 1124 764 1143 cavo
780 1113 947 1143 Tiberinus
964 1115 1001 1143 ab
1018 1121 1116 1149 antro,

288 1161 536 1199 Romuleamque
553 1163 658 1199 lupam
676 1163 748 1192 vicit
766 1164 812 1192 leo
829 1164 932 1200 vulpis
949 1164 1075 1193 amictu.

323 1211 389 1240 Nee
405 1216 510 1240 tamen
528 1211 688 1247 ingenitus
704 1212 815 1241 defecit
831 1213 954 1247 candor,
972 1219 1001 1242 et
1019 1223 1116 1250 usque

282 1260 487 1297 Splendorem
504 1262 652 1290 comitata
670 1262 747 1290 fides
762 1273 768 1296 ;
791 1273 883 1299 quam
901 1263 1032 1299 quisquc
1049 1263 1176 1292 satelles

283 1309 394 1338 Matris
410 1310 448 1338 ab
464 1315 531 1338 ortu
549 1311 617 1348 ipso
633 1315 663 1340 et
679 1311 808 1340 nutricis
824 1312 862 1339 ab
879 1312 970 1340 ubere
988 1312 1094 1342 sensit.

283 1359 364 1388 Cum
381 1359 459 1388 lacte
477 1359 552 1388 haec
569 1360 674 1388 hausit
691 1360 816 1397 pietatis
833 1361 954 1389 semina
972 1370 1075 1398 purae,

282 1409 369 1446 Quae
386 1408 499 1437 coleret
515 1408 578 1436 fido
595 1409 722 1437 socialia
739 1415 860 1445 pectore
878 1410 943 1438 iura
957 1420 962 1444 ;

285 1457 358 1486 Sive
374 1456 457 1485 dorni
475 1462 585 1486 sancto
600 1457 788 1486 constrictus
805 1458 932 1495 pignore
949 1458 1012 1487 voti

283 1506 430 1540 Foedera,
449 1505 515 1535 sive
531 1506 604 1534 alibi
621 1506 757 1535 externis
774 1507 925 1544 percussit
943 1508 972 1536 in
990 1508 1060 1538 oris,

322 1555 485 1590 Maiestas
504 1554 573 1583 fidei
592 1565 708 1591 murus,
727 1565 788 1584 non
806 1556 886 1585 bella
902 1556 1010 1591 ciebat,

286 1605 359 1634 Ulla
374 1603 392 1632 a
407 1604 520 1633 vicinis
536 1609 589 1632 aut
606 1604 705 1633 excita
722 1605 800 1633 bella
817 1605 952 1641 gerebat.

286 1653 408 1690 Religio
426 1654 464 1691 (O
483 1662 584 1682 mores
597 1653 627 1691 l),
644 1653 728 1682 dirae
745 1653 794 1690 pia
811 1663 906 1682 causa
924 1664 975 1691 per
991 1655 1096 1683 orbem

283 1702 468 1740 Impietatis‚
487 1711 567 1731 onus
585 1702 710 1730 vixdum
727 1703 886 1732 tolerabile
903 1703 1005 1732 Gallis

283 1751 447 1788 Imposuit,
466 1751 630 1788 subitoque
646 1757 690 1781 tot
707 1753 797 1781 urbes
813 1753 934 1781 turbine
951 1753 1086 1789 perflans

284 1800 459 1830 Funestum
476 1801 613 1829 ostendit
630 1801 752 1830 miseris
769 1801 954 1830 mortalibus
971 1811 1093 1831 aevum.

283 1849 353 1878 Hos
368 1849 546 1878 animorum
563 1849 669 1879 itidem
687 1855 792 1879 motus
807 1851 977 1879 Germania
993 1851 1073 1879 tristi
1089 1857 1136 1880 est

285 1899 390 1927 Exitio
406 1898 468 1927 iam
486 1908 580 1936 passa
595 1899 664 1932 diu;
690 1909 790 1936 neque
807 1900 971 1936 sanguinis
988 1900 1055 1937 ipsa

282 1946 424 1982 Vincula,
442 1956 498 1976 nec
514 1947 630 1984 patriae
648 1947 832 1984 lachrymae,
852 1953 904 1976 aut
921 1947 1106 1976 commercia
1123 1947 1248 1984 linguae

283 1996 434 2025 Invenere
449 1996 568 2025 aditum
585 1996 653 2033 paci
670 2001 833 2033 portumve
850 1997 953 2024 saluti.

282 2044 468 2081 Vistulaque
484 2045 637 2082 ingemuit
654 2046 711 2074 sub
728 2045 834 2081 iniquo
851 2045 908 2073 hoc
925 2045 1068 2081 pondere,
1086 2051 1115 2074 et
1132 2045 1195 2074 alto

283 2095 319 2123 In
337 2094 432 2122 maris
450 2093 606 2122 Eridanus
622 2094 672 2130 qui
690 2093 804 2122 vortice
822 2093 955 2122 volvitur
972 2094 1081 2123 undas.

282 2143 322 2171 At
341 2143 405 2171 Rex
422 2142 575 2171 Pacificus
590 2142 757 2179 tranquillo
773 2148 893 2180 pectore
910 2148 1014 2171 tantos

1335 198 1400 228 407
