1903 2724
555 218 708 242 TllUMAs
734 219 938 243 DEMPSTER.
1389 222 1426 253 5‘)

68 300 140 325 shall
155 299 236 325 shine
252 299 278 324 in
296 299 414 332 heaven,
430 308 445 324 a
460 307 554 332 young
571 299 748 324 Drummond
764 308 828 332 may
844 299 878 324 sit
894 308 929 324 on
946 299 989 324 liis
1005 299 1119 324 latlicr's
1135 299 1205 324 lmcc
1227 300 1280 324 and
1304 308 1424 332 promise

69 353 104 369 an
121 344 181 369 heir
194 348 222 368 to
237 344 284 368 the
300 343 410 368 famous
425 344 517 375 stoek,
533 343 615 368 while
631 343 665 368 lie
680 343 735 368 and
751 343 801 367 she
817 343 843 368 in
859 352 875 368 a
889 351 973 374 green
989 352 1040 374 age
1055 343 1109 368 and
1126 344 1181 368 still
1204 343 1338 368 beautiful
1362 353 1425 376 may

71 396 185 420 surpass
201 387 226 412 in
241 387 336 419 length
351 386 382 412 os
393 387 462 420 (lays
479 388 584 412 Nestor
599 387 653 412 and
669 386 716 412 the
732 387 840 420 SilJyl.’'

201 520 582 551 El'l'l'HALAMIUM
613 521 658 550 IN
687 520 880 551 NUPTIIS
911 520 1068 551 {ACOBI
1096 520 1292 551 COMl'l‘lS

586 572 850 610 PERTJIANI,
879 573 917 604 D.

171 625 485 661 DROMMONDI,
510 625 569 655 ET
598 624 874 663 ISABELLAE,
899 625 1108 656 ROBERTl
1136 625 1333 655 COMl'l'IS

507 677 792 709 WINTONIAE
818 677 991 709 FILIAE.

532 754 655 785 [Deliliac
669 755 735 779 Poet.
752 755 818 778 Scot.
833 755 848 778 i.
862 756 972 784 310-18.]

496 796 580 826 [Rom.
601 796 742 824 Charstris,
760 797 794 826 4⁰.
816 796 906 819 Edinb.
929 797 1010 825 160⁸]

277 849 373 878 Laeta
389 850 505 884 oculos,
522 855 629 878 ornata
646 860 763 885 comas,
781 851 897 879 nudata
914 850 1045 887 papillas

275 898 396 935 Cypris,
413 899 570 928 Acidalios
587 900 672 928 lucos
688 909 823 936 egressa,
841 899 967 928 secundi

278 948 387 984 Regna
405 948 497 983 Iovis,
513 958 672 987 cunasque
689 959 771 985 suas⁷
790 958 952 985 rerumque
968 953 1126 985 parentem

277 997 386 1032 Nerea,
403 1003 616 1034 cognatasque
633 1008 746 1035 parans
763 999 894 1026 invisere
913 998 1078 1035 Nymphas

93 1055 109 1084 5
277 1046 353 1080 Ibat,
369 1046 496 1075 olorinis
513 1047 639 1076 devecta
657 1058 709 1084 per
725 1057 793 1076 aera
811 1048 910 1084 bigis:

275 1094 361 1133 Quas
378 1097 534 1132 quondam
552 1096 664 1125 insano
681 1097 811 1125 nimium
829 1097 992 1125 devinctus
1009 1105 1112 1124 amore

277 1144 426 1174 Mulciber
442 1146 527 1175 uxori
544 1146 679 1183 gemmis
696 1147 828 1175 variarat
844 1152 874 1175 et
890 1154 973 1181 auro,

277 1193 480 1232 Mirandaque
497 1195 572 1232 ipsis
592 1195 681 1224 Divis
697 1196 869 1224 caelaverat
885 1201 958 1225 arte.

277 1243 316 1271 Et
333 1253 517 1281 quacunque
533 1245 616 1273 volat
632 1255 747 1281 currus,
765 1255 825 1282 qua
842 1244 946 1273 nubila
963 1244 1065 1281 signat

78 1303 112 1322 10
277 1292 392 1328 Orbita,
411 1292 584 1330 fragrantes
601 1295 734 1332 pingunt
745 1295 873 1323 violaria
889 1303 1028 1331 campos,

277 1341 418 1379 Totaque
436 1343 592 1372 Paestano
608 1344 740 1372 vestitur
755 1349 833 1372 terra
849 1345 966 1374 decore.

278 1391 398 1420 Fraena
416 1392 493 1429 regit
511 1393 647 1426 Levitas,
664 1400 693 1422 et
711 1394 790 1422 laeta
807 1393 906 1422 fronte
925 1394 1071 1422 Iuventas

278 1440 371 1469 Ducit
387 1451 472 1476 aves,
489 1447 518 1470 et
535 1443 628 1471 molle
644 1443 743 1479 quatit
760 1452 812 1480 per
827 1443 905 1471 colla
922 1442 1089 1479 flagellum.

278 1489 338 1518 His
356 1490 454 1525 Error,
473 1491 653 1528 timidisque
670 1491 779 1521 favens
796 1492 934 1520 Audacia
950 1491 1041 1523 votis,

80 1548 112 1577 15
277 1539 436 1568 Accedunt
452 1541 592 1575 comites,
609 1546 639 1569 et
655 1541 783 1578 spinoso
799 1541 924 1578 agmine
942 1541 1045 1569 iuncta

279 1589 360 1616 Cura
377 1590 534 1626 satellitio,
554 1600 721 1627 pressaque
740 1590 870 1619 Silentia
887 1600 981 1625 voce3

282 1638 360 1674 Spes
376 1639 513 1675 cupidae,
531 1640 723 1676 blandaeque
741 1639 860 1674 Preces,
879 1640 1046 1676 Nutusque
1063 1639 1220 1675 loquaces,

280 1687 320 1715 Et
336 1687 440 1723 gravis
457 1688 617 1723 Anxietas‚
634 1694 664 1717 et
682 1689 788 1717 Luxus
805 1689 953 1726 prodigus
970 1688 1043 1723 auri,

280 1735 414 1772 Otiaque
430 1743 459 1765 et
476 1743 578 1774 spreto
597 1737 733 1766 Periuria
750 1738 879 1767 numine
896 1738 1022 1767 Divum.

78 1794 116 1814 20
282 1785 354 1812 Non
372 1786 475 1822 procul
494 1786 640 1821 Insidiae,
660 1786 834 1823 Pallorque,
850 1792 880 1815 et
898 1787 1014 1815 Luctus
1031 1785 1164 1814 amictus

283 1833 458 1867 Dilanians,
475 1844 616 1871 pannosa
632 1836 746 1872 gradus
763 1836 904 1872 adiungit
923 1836 1067 1872 Egestas.

322 1883 402 1912 Ante
420 1889 503 1912 rotas
520 1890 654 1921 pennata
671 1885 781 1913 cohors
798 1885 858 1913 coit
873 1894 986 1921 agmen
1005 1884 1163 1916 Amorum,

283 1932 411 1961 Furtivo
428 1934 546 1962 occulte
563 1944 642 1970 quos
658 1935 753 1963 edunt
769 1934 898 1971 pignore
917 1933 1092 1971 Nymphae.

283 1981 343 2010 Hic
359 1982 429 2010 telis
446 1993 601 2020 nervoque
618 1983 733 2019 minax,
749 1984 798 2012 hic
815 1984 957 2020 lampade
974 1983 1093 2020 pollens

81 2040 114 2068 ²5
281 2031 446 2067 Captivam
466 2031 630 2068 impellunt
647 2038 784 2061 mentem
802 2039 893 2069 atque
911 2033 940 2060 in
958 2032 1032 2060 retia
1048 2032 1174 2064 ducunt,

284 2079 344 2108 Hic
360 2079 455 2108 affatu
473 2081 586 2109 blando
600 2081 728 2118 inspirat
746 2082 775 2110 in
792 2091 864 2110 ossa
880 2081 1022 2109 furorem.

282 2128 368 2157 Mille
386 2139 459 2158 aevo
477 2130 607 2164 similes,
625 2139 680 2159 nec
697 2129 795 2159 forma
810 2130 932 2167 dispare
956 2129 1071 2162 fratres,

282 2179 364 2207 Nudi
383 2188 502 2212 omnes,
518 2180 591 2208 alati
608 2189 729 2214 omnes,
746 2190 780 2208 ac
797 2179 913 2208 lumine
929 2178 1020 2212 cassi,
