1883 2730
439 218 480 250 94

441 403 474 431 25

440 648 476 675 30

443 890 476 918 35

441 1135 478 1159 40

441 1378 475 1406 45

444 1623 480 1650 50

447 1867 480 1894 55

445 2104 482 2128 00

824 214 923 239 MUsA
947 213 1087 238 LATINA
1111 211 1406 237 ABERDONENSIS.

684 295 775 325 Unde
791 295 838 324 vel
858 294 984 323 Eridani
1001 294 1099 323 nescit
1116 293 1162 322 vel
1176 292 1304 321 flamma
1321 291 1440 327 Canopi

681 344 870 381 Conspicier,
887 343 987 372 saevit
1002 342 1121 379 campis
1138 342 1188 370 ubi
1205 342 1326 370 Caurus
1342 339 1466 377 apertis,

681 392 758 430 Quis
775 398 860 429 putet
876 392 978 421 herois
995 391 1072 420 tanti
1091 391 1247 419 natalibus
1263 399 1388 418 omnem

686 441 768 470 Pone
786 441 987 470 Caledoniam
1005 440 1154 477 liquisse3
1173 439 1244 468 hinc
1260 438 1355 468 divite
1371 447 1451 466 vena

684 490 826 518 Illuxisse
842 490 905 518 orbi
924 489 1083 526 ingenium
1101 488 1252 523 mirabile,
1269 497 1366 516 cunas

684 540 752 568 Hos
769 539 915 568 habuisse
932 540 1019 573 lares,
1038 547 1169 575 surgens
1186 538 1237 566 ubi
1255 537 1394 574 proxima
1411 536 1496 564 caelo

683 589 785 616 Marta
801 588 951 625 (robustis
968 588 1091 615 laudata
1107 593 1136 616 et
1153 586 1234 616 foeta
1248 585 1380 622 colonis)

683 636 833 666 Piniferas
849 637 947 673 aperit
963 646 1063 673 rupes,
1087 636 1246 664 mitescere
1263 634 1380 663 sensim

684 686 840 722 Incipiens
856 692 951 714 terras
968 685 1068 714 Cereri
1085 693 1273 721 camposque
1290 682 1457 720 relinquit?

683 736 784 772 Quam
803 734 868 762 Dea
886 734 1088 770 praecingens
1105 733 1210 770 rapido
1227 733 1301 769 petit
1317 741 1450 768 aequora
1465 740 1566 766 cursu,

685 782 856 820 Limpidus,
874 783 987 817 illimis,
1006 792 1082 819 puro
1098 782 1326 819 liquidissimus
1342 791 1442 809 amne.

683 832 815 860 Cardine
832 832 884 860 sed
904 832 1020 859 Boreae
1037 831 1135 860 felicia
1152 840 1220 858 rura
1237 836 1369 867 pererrat

683 880 782 914 Dona,
800 881 966 909 recurvatis
984 880 1093 908 ludens
1109 889 1161 916 per
1177 879 1319 915 gramina
1336 878 1418 915 ripis.

684 929 743 963 Sic,
761 935 789 958 te
808 929 974 957 Dalmatici
993 935 1116 957 montes
1135 929 1335 965 Hieronyme,
1355 928 1396 955 sic
1413 933 1452 961 te,

684 977 754 1015 Qui,
774 978 974 1011 Buchanane,
991 977 1062 1006 seris
1079 977 1203 1005 sublimi
1221 977 1320 1004 sidera
1337 977 1461 1012 plectro,

683 1026 857 1062 Asperioris
873 1027 937 1061 agri
958 1026 1086 1055 Levinia
1105 1026 1241 1063 protulit,
1260 1031 1291 1053 ut
1309 1035 1391 1053 nunc

684 1074 842 1103 Ausonios
859 1085 984 1103 revocas
1000 1075 1092 1103 dubia
1108 1075 1144 1102 ad
1161 1074 1331 1103 certamina
1349 1079 1445 1103 vates,

684 1123 765 1160 Quid
783 1123 908 1152 referam
927 1123 1060 1159 Thebas
1080 1124 1281 1160 Ascramque,
1297 1129 1326 1152 et
1343 1123 1479 1151 maxima
1496 1122 1598 1151 famae

686 1172 833 1205 Nomina,
851 1182 928 1209 quae
946 1173 1074 1210 propriis
1091 1178 1214 1201 tantum
1231 1173 1380 1200 debentur
1395 1171 1556 1200 alumnis?

724 1221 789 1249 Iam
807 1222 830 1249 si
849 1222 995 1250 nobilitas
1012 1222 1142 1259 placeat,
1159 1221 1183 1249 si
1201 1226 1370 1250 stemmata
1387 1219 1487 1249 famae

686 1271 720 1298 In
737 1280 864 1299 censum
883 1271 1020 1304 veniant,
1037 1271 1128 1299 claris
1145 1269 1323 1303 maioribus,
1341 1269 1402 1297 illis

686 1319 777 1347 Haud
796 1319 956 1355 indignum
974 1320 1085 1352 atavis,
1103 1319 1185 1347 haud
1203 1317 1395 1347 inferioribus
1412 1317 1508 1351 ausis,

683 1369 747 1405 (Nil
765 1378 842 1405 opus
859 1369 946 1397 acciri
965 1368 1061 1397 falsae
1079 1368 1241 1405 praeconia
1258 1367 1396 1404 linguae)

687 1418 887 1446 Forbesidum
907 1418 1018 1446 domus
1035 1418 1116 1446 hunc
1132 1416 1273 1453 generosi
1291 1415 1454 1451 sanguinis
1470 1414 1558 1443 altrix

688 1466 791 1494 Edidit
808 1476 812 1494 :
837 1467 916 1495 hanc
935 1466 1033 1503 plebis
1050 1472 1163 1494 sortem
1180 1471 1209 1494 et
1226 1464 1404 1494 communia
1422 1463 1506 1500 vulgi

688 1514 757 1543 Iura
775 1524 1008 1552 supergressam
1026 1515 1115 1543 factis
1131 1515 1311 1547 audacibus,
1328 1513 1413 1542 omni

688 1564 767 1592 Cum
787 1574 946 1600 procerum
964 1570 1052 1592 coetu
1070 1563 1188 1600 stupuit
1206 1572 1256 1592 rex
1272 1563 1438 1594 maximus,
1456 1561 1536 1590 unde

688 1613 838 1641 Patricius
853 1614 985 1641 collatus
1003 1613 1111 1642 honos.
1158 1612 1223 1640 Nec
1240 1620 1356 1647 nupera
1373 1609 1452 1638 sacta

689 1662 757 1690 Hoc
774 1671 916 1698 peperere
933 1662 1036 1696 decus,
1055 1661 1157 1697 longis
1173 1660 1339 1688 annalibus
1356 1659 1415 1687 ista

687 1710 811 1738 Credita
829 1716 911 1744 sunt,
930 1710 1021 1738 saecli
1039 1710 1150 1739 veteris
1168 1709 1346 1738 melioribus
1363 1707 1464 1736 annis.

687 1759 737 1786 Sic
755 1768 853 1795 neque
870 1759 1038 1794 degeneres
1055 1768 1122 1787 sese
1139 1759 1299 1787 ostendere
1316 1762 1455 1793 nepotes,

688 1807 834 1835 Arinatas
850 1807 932 1836 acies
948 1808 1067 1844 campis
1084 1807 1260 1840 immittere,
1278 1805 1354 1835 ferro

692 1856 840 1884 Exercere
857 1865 969 1884 manus
987 1856 1064 1890 ausi,
1081 1855 1222 1884 civilibus
1239 1855 1333 1883 armis

687 1903 859 1940 Tisiphone
877 1910 998 1933 nostras
1014 1910 1151 1941 quateret
1167 1913 1236 1932 cum
1254 1904 1380 1932 barbara
1396 1903 1485 1931 vires.

726 1953 766 1980 At
783 1959 946 1990 postquam
964 1954 1076 1982 arctois
1093 1953 1177 1982 fulsit
1194 1953 1372 1989 regionibus
1388 1956 1504 1979 astrum

688 2001 864 2036 Pacificum,
878 2002 965 2030 cuius
983 2011 1129 2038 praesens
1146 2001 1313 2030 reverentia
1329 2001 1443 2029 bellum

689 2051 814 2086 Depulit
830 2056 920 2086 atque
937 2050 1018 2079 faces
1035 2051 1114 2083 belli,
1132 2051 1216 2078 Mars
1233 2051 1347 2087 impius
1363 2051 1434 2079 orbe

689 2099 801 2127 Exulat
817 2109 832 2128 c
850 2105 956 2128 nostro
973 2100 1149 2136 peregrinas
1165 2105 1271 2128 vectus
1287 2100 1324 2127 ad
1341 2108 1419 2127 oras.

689 2148 758 2177 Hoc
775 2147 846 2176 fatis
864 2148 973 2176 Iacobe
989 2148 1051 2176 tuis
1068 2158 1174 2185 regum
1191 2148 1307 2184 optime
1323 2148 1413 2176 debet
