1883 2730
461 207 517 242 134
839 210 937 235 MUSA
963 211 1101 235 LATINA
1125 211 1420 236 ABERDONENSIS.

1043 291 1233 320 PALLAnms.

518 365 612 389 Missus
623 365 648 388 in
663 366 821 390 Britanniam
834 373 849 389 a
861 366 991 390 Celestino
1006 366 1062 389 P.1³.
1076 372 1103 390 ut
1118 367 1272 397 Pelagianae
1285 367 1380 390 haeresi
1394 371 1544 395 occurreret,
1556 367 1588 390 ad
1599 368 1691 391 Scotos
1710 375 1811 399 quoque

449 406 596 436 penetravit,
609 412 730 437 regnante
747 407 812 438 apud
830 407 920 430 Scotos
939 407 1054 437 Eugenio
1073 407 1116 435 11.,
1133 407 1265 438 dictusque
1283 407 1339 430 inde
1358 408 1493 431 Scotorum
1506 408 1652 438 Apostolus,
1666 415 1809 439 quanquam

450 446 562 469 scotiam
575 446 677 475 invenit,
690 455 740 470 non
753 447 819 475 fecit,
833 448 1013 472 Christianam.
1051 449 1166 472 Mortuus
1179 455 1203 472 et
1215 448 1330 479 sepultus
1343 449 1390 471 An.
1400 448 1493 471 Christi
1506 449 1552 478 482
1566 449 1726 479 (Buchanan,
1740 448 1811 472 Hist.

453 494 473 510 v.
490 488 534 515 ὠς
555 487 698 518 Dempster,
712 488 781 512 Hist.
795 489 863 512 Eccl.
878 489 902 512 ii.
916 490 1023 520 515<19).

654 564 713 602 Qui
729 569 768 598 te,
788 565 913 600 Palladi,
933 565 1039 602 primis
1055 566 1157 594 dixere
1174 566 1305 602 priorem

698 613 863 650 Primaque
879 620 908 642 te
926 615 1015 643 nobis
1032 615 1097 643 iura
1113 615 1235 644 dedisse
1254 615 1321 650 Dei,

658 661 726 690 Hos
742 663 838 692 abiise
855 663 949 700 liquet
965 664 1120 692 diversum
1139 674 1156 692 a
1172 664 1295 693 tramite
1312 664 1372 692 veri
1387 675 1393 698 ;

696 713 783 749 Quae
800 717 828 740 te
845 713 923 741 velle
939 713 1075 746 voluisti¹
1091 718 1163 742 ante
1179 713 1287 742 dedere
1303 713 1363 742 alii.

655 761 810 799 Quorsum
827 772 886 798 ego
901 762 1084 799 scriptorum
1102 761 1231 791 referam
1245 763 1303 791 huc
1320 768 1478 791 momenta
1496 763 1630 800 priorum
1647 763 1657 790 ?

696 810 822 838 Plenius
839 812 912 840 haec
929 811 1000 840 alibi
1017 821 1074 840 nos
1091 811 1255 840 manifesta
1273 812 1392 840 damus.

653 859 692 887 At
709 865 748 893 te,
768 860 896 893 Palladi,
914 861 1002 889 nobis
1019 861 1099 897 quod
1115 866 1144 889 te
1160 866 1189 889 et
1205 866 1258 890 tua
1273 861 1382 896 donas,

702 910 817 938 Nostra
833 910 904 938 colit
920 916 1008 945 grato
1025 916 1145 947 pectore
1161 916 1239 939 terra
1255 917 1383 947 patrem.

652 961 742 994 Ossa,
761 960 826 996 pios
843 959 969 993 cineres,
986 960 1202 996 tumulumque
1219 964 1248 988 et
1265 960 1403 993 nomina,
1422 966 1532 993 servat,

695 1008 879 1044 Depositum
898 1009 996 1036 sancti
1013 1009 1128 1045 grande
1146 1009 1260 1037 laboris
1276 1015 1368 1038 amat.

655 1058 700 1086 Sit
718 1057 803 1086 satis.
849 1057 973 1086 Aeterni
992 1063 1075 1086 stant
1092 1063 1200 1086 mutua
1217 1058 1346 1095 pignora
1363 1068 1472 1094 nexus,

695 1108 754 1135 Seu
771 1107 826 1134 das
843 1106 894 1134 illa
912 1107 1000 1143 prior,
1018 1117 1071 1136 seu
1090 1108 1170 1144 prior
1186 1107 1237 1136 illa
1252 1108 1347 1145 capis.

954 1224 1120 1253 'l'vtxii‘rrs
1144 1225 1306 1254 PALLAnu.

736 1303 868 1332 Palladis
885 1304 1062 1339 armigenae
1079 1303 1130 1339 qui
1146 1310 1247 1339 gestat
1264 1304 1400 1338 nomina,
1419 1304 1516 1333 maior

775 1354 910 1381 Numine
930 1353 1086 1381 Palladius
1103 1354 1160 1381 sub
1177 1353 1275 1390 lapide
1293 1354 1350 1382 hoc
1366 1354 1488 1391 tegitur.

734 1403 879 1439 Corporis
895 1402 1022 1431 exuvias
1038 1403 1119 1430 dedit
1136 1407 1165 1430 et
1182 1402 1231 1439 pia
1248 1402 1377 1439 pignora
1396 1404 1506 1438 Sentis,

773 1452 890 1487 Accipit
907 1462 924 1479 a
944 1452 1045 1480 Scotis
1062 1452 1118 1480 hoc
1136 1457 1374 1480 monumentum
1394 1452 1512 1481 iterum.

895 1568 1065 1596 Sfflu‘mx'us
1085 1577 1122 1596 1=3T
1148 1568 1329 1596 szmxvs.

511 1649 645 1671 Scotorum
664 1647 723 1670 clari
742 1647 877 1674 antistites,
900 1647 1003 1670 Palladii
1022 1647 1149 1678 quondam
1168 1649 1244 1671 socii:
1264 1649 1305 1671 ille
1321 1649 1352 1672 ad
1371 1649 1488 1677 Orcades,
1506 1649 1551 1673 iste
1569 1649 1599 1673 ad
1619 1650 1702 1674 Pictos
1721 1651 1802 1674 lucem

450 1688 579 1719 Evangelii
603 1689 734 1719 pertulisse
758 1688 855 1712 dicitur.
903 1688 1014 1711 Balaeus
1038 1689 1142 1712 Centur.
1166 1689 1213 1712 xix.
1236 1689 1357 1712 Boethius
1379 1689 1472 1719 (Boece
1497 1690 1552 1713 Lib.
1574 1698 1612 1714 xv.
1637 1699 1660 1721 p.
1682 1691 1803 1719 cccxvii.;

449 1729 590 1760 Dcmpster,
604 1729 674 1752 Hist.
688 1729 756 1752 Eccl.
771 1729 794 1752 ii.
807 1737 846 1759 pp.
861 1735 915 1758 573,
929 1731 993 1759 574)-

690 1804 865 1833 Concordes
881 1804 1003 1833 animae
1019 1805 1187 1840 quondam,
1205 1804 1362 1841 patriaque
1378 1805 1532 1841 domoque

731 1853 937 1888 Congeneres,
955 1853 1041 1889 parili
1063 1852 1231 1889 relligione,
1250 1852 1317 1887 fide,

692 1901 741 1930 Sic
757 1902 868 1930 diversi
886 1902 999 1930 obeunt
1018 1901 1145 1929 mutatis
1162 1901 1299 1938 partibus
1315 1902 1429 1936 orbem,

730 1951 809 1978 Orbe
826 1951 885 1978 alio
902 1956 933 1978 ut
950 1950 1064 1978 Christi
1081 1956 1227 1979 cresceret
1243 1956 1352 1979 auctus
1368 1951 1478 1979 honos.

689 2000 823 2028 Orcades
840 1999 888 2028 ille
905 2009 992 2028 sacro
1008 1999 1056 2027 hic
1075 1999 1178 2027 Pictos
1194 2009 1336 2028 sermone
1353 1999 1478 2034 reflexit,

733 2049 783 2077 Sic
800 2048 914 2076 Christi
931 2048 1024 2077 crevit
1040 2058 1108 2076 cum
1127 2048 1239 2084 pietate
1257 2048 1341 2077 sides.

691 2097 814 2126 Salvete
831 2098 856 2125 O
874 2106 1024 2134 proceres,
1042 2097 1131 2133 prisci
1150 2097 1199 2133 pia
1215 2097 1312 2133 gloria
1329 2098 1431 2132 saecli,

730 2147 897 2182 Splendeat
913 2151 1038 2174 aeterno
1055 2146 1172 2174 lumine
1188 2152 1289 2175 vester
1305 2147 1413 2175 honos
