1903 2724
31 359 67 388 55

34 598 71 624 60

39 1182 74 1208 70

41 1426 74 1455 75

610 219 702 250 JOHN
732 219 818 243 Row.

274 300 319 330 Te
336 302 476 330 reducem
495 306 583 337 grato
600 301 721 330 salvum
739 300 857 329 salvere
874 300 1018 329 iubemus

278 351 415 386 Pectore,
433 351 586 380 laetantes
603 356 632 379 te
649 350 767 387 sospite
783 354 812 378 et
829 350 953 386 hospite
971 358 1041 385 rege

278 399 410 429 Nostro:
436 405 541 429 noster
556 399 639 429 enim
656 409 700 433 es,
718 399 833 427 nostris
849 399 1000 427 orinudus
1017 398 1046 426 in
1064 398 1135 427 oris.

278 449 384 477 Scotia
399 454 428 478 te
445 459 548 485 regern
566 449 667 485 iactat,
686 448 747 476 iam
765 449 897 477 carduus
915 457 977 476 uno
993 453 1022 476 et

278 497 356 526 Lilia
372 497 476 526 iuncta
494 498 572 526 rosis
589 497 670 526 binis
687 498 822 526 umbone
837 501 991 526 tenentur.

278 547 360 576 Hinc
377 553 502 576 nostrae
517 557 638 576 crevere
654 547 760 576 rosae!
808 547 966 575 Paradoxa
983 546 1135 581 videmus,

278 596 383 625 Altilis
399 601 428 625 et
445 596 626 625 benedictus
642 596 702 625 eris
719 596 761 624 mi
777 596 889 625 cardue
906 596 1016 625 dictus.

280 645 433 674 l'acificus
450 651 601 683 propater‚
620 647 677 674 sub
694 655 753 683 quo
776 646 952 682 pardusque
969 645 1078 682 leoque

281 695 457 724 Unanimes
473 705 562 732 egere
578 695 661 731 dies3
683 696 730 724 vel
748 696 841 724 odore
858 694 950 723 roseti

282 744 361 772 Lilia
377 744 470 772 vicini
488 745 645 782 spirantis,
662 745 776 781 plectra
794 744 902 772 suavis

278 793 333 821 Vel
350 793 477 831 chelyos
493 794 608 822 rabiem
625 798 740 830 cogunt
756 793 908 830 deponere
925 793 1021 829 bruta,

279 842 333 871 Vel
352 842 454 879 potius
472 843 585 872 rabiem
604 848 773 880 posuerunt
790 842 930 879 praeside
948 842 1082 871 Phoebo.

433 913 514 942 61-65.
535 913 695 944 Apparently
707 912 831 936 confused
844 920 871 936 or
884 917 994 943 corrupt.

283 975 421 1004 Reddere
437 980 469 1004 tu
487 976 580 1004 mites
595 977 690 1004 cavea
707 976 783 1009 sine,
800 976 846 1004 vel
866 975 932 1004 sine
949 975 1078 1003 clathris

282 1024 352 1061 Ipse
368 1023 448 1053 feras
465 1025 598 1062 poteris:
623 1025 701 1053 tanti
719 1030 765 1053 est
783 1025 959 1062 praesentia
977 1024 1076 1053 Carli!

282 1073 493 1111 Bifrontisque
510 1074 536 1102 is
553 1084 630 1103 avus
647 1073 717 1103 felix
733 1083 826 1111 quam
843 1074 996 1102 clauserat
1013 1074 1120 1102 aedem

282 1123 471 1152 Conclusam
489 1123 596 1158 retine,
614 1122 674 1160 quo
691 1133 749 1152 nos
766 1123 823 1151 sub
841 1123 979 1159 tegmine
995 1122 1057 1158 fagi

281 1172 386 1201 Securi
403 1173 596 1207 recubemus‚
613 1174 710 1210 opaca
725 1177 833 1201 coetus
849 1172 879 1200 in
898 1172 1018 1204 umbra,

283 1221 425 1249 Munitus
441 1222 597 1258 caeloque,
616 1222 751 1258 saloque,
770 1221 908 1258 soloque,
924 1220 1039 1249 favoris

283 1270 402 1299 Umbra
419 1270 486 1307 pios
504 1270 631 1299 Domini
648 1270 796 1307 quamdiu
814 1280 873 1298 nos
890 1270 1022 1306 protegit
1039 1270 1131 1297 alma.

283 1319 415 1347 Paccm¹
434 1325 525 1354 amet,
543 1325 583 1353 et,
601 1319 625 1348 si
643 1329 690 1347 res
707 1324 847 1356 poscant,
865 1319 904 1347 sit
921 1319 958 1347 ad
975 1328 1061 1346 arma
1079 1323 1214 1354 paratusJ

281 1368 340 1406 Qui
359 1368 498 1404 placidus
516 1368 672 1405 Princeps,
691 1368 789 1405 sapidi
809 1368 990 1397 Solomonis
1005 1367 1043 1395 ad
1061 1367 1166 1396 instar.

284 1418 354 1445 Non
367 1418 377 1435 ²¹
394 1423 480 1446 muta
496 1417 526 1445 in
544 1417 632 1446 viridi
650 1427 732 1446 nunc
751 1418 887 1454 pendent
903 1417 1007 1445 nablia
1023 1426 1118 1451 ramo,

284 1467 353 1496 Uda
371 1467 452 1504 lyras
470 1476 624 1505 nusquam
642 1467 753 1495 tacitas
769 1472 894 1495 tenuere
911 1466 1028 1494 salicta.

282 1515 368 1551 Esto,
387 1525 473 1544 rosas
489 1516 568 1544 alius
584 1516 676 1544 iactet
693 1515 830 1544 iunxisse
846 1516 946 1544 colore

282 1565 450 1593 Discordes
467 1564 644 1604 solo·(facta
660 1570 708 1593 est
724 1564 837 1601 quibus
853 1564 968 1600 Anglia
985 1563 1112 1601 pulchra
1127 1573 1132 1592 :

283 1614 396 1642 Album
413 1613 495 1642 enim
513 1619 542 1642 et
559 1615 683 1642 rubrum
700 1618 806 1650 gratae
824 1613 1022 1650 superaddita
1038 1611 1153 1641 formae

285 1662 362 1691 Rem
380 1663 539 1699 pulchram
556 1663 711 1699 reddunt),
728 1662 809 1690 alius
826 1672 858 1690 se
875 1661 938 1690 lilia
955 1661 1067 1698 pardis,

282 1711 384 1748 Atque
401 1711 479 1740 rosis
495 1711 576 1739 alius
593 1711 685 1740 iactet
702 1721 734 1740 se
751 1711 892 1740 barbiton
909 1720 1010 1739 aerem

284 1760 473 1789 Adiunxisse
491 1761 576 1794 suis;
601 1760 650 1789 hic
667 1766 755 1789 scuto
773 1760 859 1788 solus
875 1761 906 1788 in
923 1770 986 1788 uno

285 1809 400 1838 Omnia
416 1809 587 1839 coniunxit.
634 1809 741 1846 Spinis
758 1809 896 1846 paliurus
912 1809 1014 1837 acutis

285 1858 522 1896 (Armatumque
539 1858 623 1887 ferox
638 1858 737 1886 Nemo
754 1860 832 1886 hunc
849 1858 972 1896 impune
989 1857 1122 1895 lacessit)

282 1907 413 1936 Additur
428 1913 457 1936 et
473 1907 573 1943 dictis,
590 1908 683 1936 crudo
700 1917 770 1936 cum
788 1917 858 1944 rege
875 1906 1020 1941 ferarum,

287 1956 515 1993 Discordesque
531 1956 625 1991 viros,
641 1957 732 1990 vires,
750 1956 937 1993 inimicaque
954 1955 1058 1992 iungis

286 2005 413 2033 Pectora
429 2005 612 2042 pectoribus,
630 2010 762 2034 testatas
779 2005 932 2041 sanguine
949 2005 1065 2042 pridem

286 2054 417 2083 Sedatas
434 2055 533 2082 multo
549 2064 587 2082 ne
603 2059 768 2091 erumpant
783 2053 965 2090 comprimis
982 2053 1052 2081 iras.

286 2101 440 2138 Tempore
456 2102 566 2130 crescit
583 2112 687 2135 amor;
713 2102 757 2130 sic
773 2111 862 2130 mens
879 2101 1003 2129 hostilis
1020 2101 1049 2128 in
1067 2101 1200 2130 hostem.

363 2190 368 2202 Α
383 2196 392 2211 1
408 2189 471 2219 Reg.
485 2189 516 2211 iv.
531 2190 568 2212 26.
897 2187 956 2218 2Ps.
972 2195 1025 2218 137,
1040 2195 1060 2210 2.

1271 2228 1318 2253 ΤΤ
