1903 2724
63 290 100 315 60

65 787 101 815 70

63 1032 96 1061 75

63 1271 100 1297 80

65 1771 104 1797 90

66 2015 102 2043 95

545 205 657 228 DAVID
683 204 946 228 WEDDERRURN.
1363 205 1378 235 3
1385 200 1428 235 89

305 286 411 315 Vitam
435 296 624 323 aegramque
641 286 828 322 inopemque
845 286 982 319 trahunt,
1001 286 1070 315 licet
1087 285 1251 315 immemor
1268 286 1344 313 artis

307 335 396 364 Delia
413 336 483 371 tela,
501 340 546 364 tot
562 340 591 364 et
607 335 749 369 comites,
767 345 862 371 seque
878 335 971 363 abdat
989 335 1018 363 in
1035 335 1143 364 antris.

306 384 389 412 Nam
407 394 505 421 neque
522 384 582 412 iam
599 385 681 413 cordi
698 384 839 417 comites,
858 393 957 421 neque
974 384 1045 418 tela,
1064 393 1206 413 recessus

304 433 350 462 Te
368 442 530 462 nemorum
549 434 709 471 linquente
725 443 830 462 sacros
846 439 876 462 et
891 442 1024 462 amoena
1041 433 1148 461 vireta.

305 482 387 521 Quin
405 492 443 511 ne
460 483 562 520 ipsum
580 483 683 511 luctus
699 492 806 511 exsors
822 483 942 511 caelum
958 493 965 516 ;
987 491 1056 511 ecce
1073 486 1198 518 repente

306 531 469 560 Scotorum
487 533 548 560 iam
566 542 696 561 aversus
711 542 809 569 equos
827 532 879 560 Sol
898 531 998 568 iungit
1014 532 1052 559 ab
1068 531 1141 566 oris,

303 581 457 610 Conditus
475 581 504 609 in
523 582 637 610 nubem
654 586 683 610 et
702 581 818 619 Libyae
835 581 972 610 devexus
989 581 1019 608 in
1037 581 1171 609 Austros
1186 590 1192 613 ;

305 630 358 659 Sol
375 640 480 659 comes
497 630 568 659 inde
584 630 627 658 tui
645 640 799 665 accessus,
818 639 925 658 comes
942 630 1012 658 inde
1029 639 1181 659 recursus.

308 679 359 708 Sic
375 680 523 709 obstricta
539 680 594 708 tibi
610 685 658 708 est
674 679 820 709 caelestia
837 689 958 708 cernere
976 679 1075 715 signa.

305 730 453 767 Quaeque
470 730 561 758 urbes
578 739 674 766 nuper
690 729 789 758 laetae
805 738 886 758 nova
902 729 1041 758 carmina
1057 728 1121 764 regi

307 778 466 806 Praesenti
484 779 620 807 cecinere
637 778 702 813 tibi,
721 779 895 815 plausuque
911 778 1082 807 frementes

307 827 466 856 ludulsere
482 827 584 856 choris
601 828 702 864 epulis
718 832 747 856 et
766 828 877 864 ubique
896 827 1012 864 paratis

308 875 448 912 Regifico
464 877 548 910 luxu,
567 877 723 905 sociorum
741 886 922 905 assuescere
939 875 1060 904 mensis

304 925 462 963 Queisque
479 926 631 963 voluptati
651 926 763 959 socios,
780 926 867 962 queis
885 925 1016 954 numina
1032 930 1130 954 testes

304 974 441 1004 Affectus
457 976 574 1013 (qualis
590 976 717 1004 tandem
735 976 875 1011 genitore
893 976 1020 1004 reducto

305 1024 485 1053 Distinuere
502 1024 553 1052 diu
570 1034 661 1061 quem
679 1029 766 1052 trans
784 1024 879 1052 maris
895 1033 1030 1061 aequora
1046 1023 1130 1051 venti

306 1072 487 1101 Pertentant
505 1078 648 1102 natorum
666 1073 790 1101 animos
807 1082 981 1109 parvosque
998 1073 1151 1109 nepotes),

306 1121 398 1150 Nunc
415 1122 480 1150 vice
496 1121 541 1160 (ut
558 1122 639 1151 haud
657 1131 795 1158 unquam
812 1127 960 1150 constant
977 1121 1033 1150 sibi
1051 1121 1178 1158 gaudia)
1195 1130 1284 1149 versa

307 1170 346 1198 Et
363 1175 476 1205 tecum,
493 1171 609 1208 ereptis
627 1170 730 1199 Musis
747 1180 779 1199 se
797 1171 916 1200 solvere
934 1171 1018 1198 luctu

306 1221 377 1248 Heu
394 1226 563 1257 nequeunt.
608 1219 696 1248 Talis
713 1219 790 1248 tanti
808 1225 855 1248 est
872 1219 1047 1256 praesentia
1066 1218 1171 1253 Regis.

349 1269 523 1303 Hactenus,
541 1274 570 1298 et
587 1269 755 1306 lachrymis
772 1269 801 1296 in
820 1273 941 1297 moesta
957 1267 1140 1297 cadentibus
1157 1276 1219 1301 ora,

309 1318 438 1347 Caetera
455 1328 517 1347 non
535 1318 644 1355 potuit.
691 1318 781 1347 Subit
798 1318 870 1346 huic
887 1317 998 1354 Aglaia
1016 1326 1126 1346 serena

307 1367 421 1396 Fronte
438 1368 549 1405 magiS,
566 1368 674 1396 niveas
691 1372 783 1404 atque
801 1366 952 1396 interfusa
969 1367 1102 1404 papillas

309 1417 417 1446 Gratia
435 1418 585 1446 laetitiam
603 1417 771 1455 lachrymis
788 1417 942 1445 immiscet
959 1416 1082 1445 amaris

350 1467 437 1495 Haec
452 1471 557 1495 autem
571 1477 577 1497 :
602 1467 697 1495 Hunc
713 1467 804 1494 urbes
820 1470 999 1503 presserunt
1014 1465 1104 1494 corde
1120 1464 1257 1492 dolorem

307 1515 412 1544 Scotia
428 1520 579 1552 quotquot
595 1516 707 1550 habet;
732 1524 794 1544 non
811 1515 869 1543 has
886 1515 942 1543 sibi
960 1513 1085 1543 conscia
1101 1513 1210 1546 virtus,

309 1564 382 1593 Non
399 1564 531 1593 fecunda
547 1565 646 1593 virum
664 1564 768 1599 tellus,
786 1573 848 1593 non
865 1563 943 1592 atria
959 1564 1042 1592 cultu

308 1613 478 1650 Splendida
494 1613 589 1650 regali
607 1612 745 1642 flectunt.
789 1612 837 1641 Tu
854 1613 968 1650 quippe
985 1611 1134 1641 Camenis

307 1662 413 1700 (Unde
430 1663 493 1691 tuis
509 1662 597 1691 fluxit
614 1662 752 1691 numeris
769 1671 831 1691 non
849 1661 971 1699 publiea
988 1661 1091 1699 vena),

308 1712 392 1740 Dum
409 1712 577 1740 comitatus
593 1711 670 1747 abis,
688 1721 740 1740 rex
756 1711 902 1746 maxime,
921 1720 1055 1748 pangere
1072 1719 1195 1738 carmen

310 1761 381 1789 Heu
399 1761 544 1789 meritum
561 1766 719 1798 nequeunt
736 1769 953 1797 memoresque
969 1759 1140 1796 expendere
1157 1764 1271 1795 grateS‚

310 1810 396 1847 Quas
412 1809 477 1844 tibi,
495 1819 635 1846 quasque
651 1810 745 1838 choro
762 1819 922 1846 procerum
940 1808 1153 1845 comitumque
1170 1812 1302 1842 tuorum,

313 1858 560 1895 Angligenisque
575 1859 637 1887 tuis
655 1858 797 1896 satrapis,
816 1864 868 1886 tua
887 1858 992 1887 Scotia
1008 1858 1105 1886 debet.

312 1907 414 1945 Luget
432 1908 650 1945 Edinburgum
666 1908 725 1936 hoc
741 1907 826 1944 regni
842 1912 945 1944 caput,
961 1907 1019 1935 hoc
1035 1906 1233 1939 Taodunum,

309 1957 512 1994 Caeligenum
530 1957 646 1985 donum
666 1956 846 1990 Sterlinum,
864 1956 1012 1989 Glascua,
1032 1955 1153 1983 Fanum

308 2005 458 2041 Andreae,
476 2005 633 2034 Aonidum
649 2006 792 2034 columen
811 2005 1007 2042 Sophiaeque
1024 2005 1214 2041 palaestrae3

308 2054 348 2082 At
364 2059 427 2082 tam
444 2064 537 2091 supra
553 2055 631 2083 alias
646 2054 824 2084 Abredonia
840 2059 960 2082 moesta
977 2062 1108 2087 sorores,

310 2103 366 2131 Illa
383 2108 470 2131 tuum
487 2113 581 2140 quam
595 2113 688 2141 supra
703 2104 781 2132 alias
798 2103 951 2140 persensit
967 2111 1116 2131 amorem.

309 2152 409 2190 Quem
427 2151 452 2180 si
469 2161 531 2181 non
549 2152 651 2188 iactet,
669 2153 767 2182 iaceat
783 2153 844 2180 iam
862 2151 994 2189 ingloria
1010 2157 1040 2180 et
1056 2150 1141 2179 omni
