1883 2730
465 209 521 246 184

461 491 515 528 165

464 744 518 772 170

468 988 519 1016 ¹75

468 1226 523 1253 180

470 1471 522 1507 185

473 1725 479 1742 ι
491 1724 528 1749 oo

472 1967 524 1996 ι95

848 215 946 240 MUSA
970 215 1110 240 LATINA
1135 216 1311 240 ABERDON
1318 217 1430 241 ENSIS.

660 294 816 324 Turbidus
833 295 1003 333 ingreditur
1019 306 1177 333 pugnarn:
1200 306 1293 333 quam
1314 306 1450 333 magnus
1466 296 1572 330 Orion,

661 345 764 382 Quum
783 345 875 381 pedes
892 345 1006 374 incedit
1024 346 1116 374 medii
1135 355 1187 382 per
1204 345 1340 374 maxima
1359 345 1451 374 Nerei

661 393 791 429 Stagna,
809 393 891 422 viam
909 393 1054 422 scindens
1071 394 1198 423 humero
1216 394 1425 431 supereminet
1441 394 1551 429 undas,

660 442 722 470 Aut
739 442 873 470 summis
890 442 1023 471 referens
1039 452 1192 471 annosam
1210 443 1370 472 montibus
1386 452 1497 472 ornum

663 491 899 528 Ingrediturque
916 492 983 520 solo
999 497 1028 520 et
1044 497 1136 528 caput
1154 491 1232 520 inter
1248 492 1354 520 nubila
1369 492 1483 521 condit.

661 539 748 568 Talis
763 545 792 569 et
808 540 942 577 egregiis
958 539 1048 569 infert
1065 550 1098 569 se
1115 540 1248 569 Carolus
1263 541 1370 575 armis,

662 589 762 617 Obvia
779 589 877 618 multa
893 589 991 618 virum
1009 589 1178 618 demittens
1195 599 1322 626 corpora
1342 589 1411 619 leto.

663 638 844 666 Semineces
861 638 958 666 volvit
974 639 1100 672 multos,
1118 643 1171 666 aut
1188 638 1314 675 proterit
1330 639 1438 667 hostes

664 687 791 723 Ungula
807 687 875 724 equi
893 692 946 715 aut
962 692 1066 724 raptas
1082 687 1274 723 fngientibus
1291 687 1403 724 ingerit
1419 688 1537 718 hastas.

663 735 719 763 Ast
737 745 865 764 numero
882 736 973 771 longe
991 735 1088 764 maior
1105 735 1172 772 (pro
1185 738 1202 773 f)
1221 736 1333 772 praedo
1349 736 1472 765 rebellis

664 784 913 822 (Quinquaginta
930 784 972 812 illi
990 784 1138 821 parebant
1155 784 1252 813 millia
1269 794 1374 819 saeva,

664 833 703 860 At
719 833 769 861 vix
787 833 1033 869 Grampigenum
1052 833 1163 861 Carolo
1184 833 1229 860 bis
1249 833 1344 861 millia
1363 834 1496 870 septem)

668 882 779 915 Instat,
796 887 824 910 et
840 882 971 910 eximias
990 882 1152 910 Scotorum
1170 883 1262 911 caede
1280 883 1453 919 phalanges

664 931 772 966 Usque
789 929 898 965 fatigat
915 936 1010 965 atrox,
1028 936 1218 967 renovatque
1236 931 1265 958 in
1285 930 1398 967 praelia
1416 931 1505 959 vires.

667 980 794 1016 Iamque
813 979 879 1008 Deo
895 979 996 1008 visum
1014 985 1061 1008 est
1078 980 1218 1008 animum
1236 980 1377 1016 viresque
1394 979 1495 1008 rebelli

666 1028 793 1063 Addere,
809 1028 897 1064 eique
914 1038 1000 1056 acres
1019 1029 1164 1057 stimulos
1181 1029 1239 1057 sub
1256 1034 1378 1065 pectore
1394 1028 1494 1058 vertit.

668 1078 705 1105 Et
724 1077 826 1106 Scotis
843 1077 985 1106 immissa
1002 1077 1075 1113 fuga
1091 1083 1146 1113 est,
1165 1078 1208 1106 sic
1226 1078 1287 1106 sata
1304 1078 1458 1107 volebant.

669 1127 733 1154 Nec
750 1126 809 1154 iam
827 1125 909 1154 fama
926 1127 999 1154 mali
1021 1127 1098 1155 tanti
1117 1127 1168 1155 sed
1185 1127 1295 1156 certior
1310 1132 1417 1155 auctor

666 1175 800 1203 Advolat
817 1175 888 1212 (heu
902 1176 922 1212 l)
941 1175 1012 1211 regi,
1031 1185 1147 1211 magno
1164 1175 1193 1203 in
1212 1175 1390 1204 discrimine
1408 1175 1467 1203 iam
1487 1175 1547 1203 iam

669 1225 746 1253 Esse
763 1234 846 1259 suos,
863 1225 961 1253 versis
977 1230 1102 1262 tempus
1119 1235 1292 1254 succurrere
1311 1225 1422 1255 Scotis.

669 1274 812 1302 Proxima
828 1284 968 1311 quaeque
986 1275 1074 1303 metit
1090 1274 1194 1310 gladio
1211 1275 1370 1311 latumque
1387 1284 1440 1311 per
1455 1284 1567 1311 agmen

669 1322 816 1350 Limitem
834 1323 898 1358 agit
914 1322 1002 1356 ferro,
1020 1323 1128 1351 hostes
1143 1331 1295 1359 quaerens
1311 1323 1402 1351 caede
1419 1323 1577 1359 superbos

667 1372 814 1407 Aegaeon
832 1372 943 1408 qualis,
959 1378 1083 1400 centum
1101 1372 1148 1401 cui
1166 1372 1290 1401 brachia
1307 1372 1423 1406 dicunt,

670 1421 889 1457 Centenasque
906 1430 1029 1455 manus,
1047 1421 1273 1457 quinquaginta
1289 1421 1392 1450 oribus
1409 1421 1513 1457 ignem

670 1469 911 1506 Pectoribusque
927 1469 1052 1503 arsisse,
1073 1469 1156 1498 Iovis
1173 1479 1267 1506 quum
1285 1469 1416 1497 fulmina
1433 1474 1538 1498 contra

668 1517 728 1546 Tot
746 1518 870 1554 paribus
887 1523 1033 1554 streperet
1049 1518 1173 1555 clypeis,
1191 1524 1236 1546 tot
1253 1518 1415 1554 stringeret
1431 1527 1542 1552 enses;

669 1567 800 1595 Carolus
815 1567 896 1594 haud
914 1567 1001 1595 aliter
1016 1567 1153 1596 desaevit
1170 1567 1282 1603 ubique
1300 1577 1352 1604 per
1367 1567 1484 1601 hostes,

669 1615 770 1652 Atque
787 1615 866 1643 inter
883 1615 993 1644 caedes
1009 1614 1220 1652 fugientiaque
1236 1615 1364 1652 agmina
1381 1624 1498 1652 magno

672 1664 780 1692 Fertur
795 1673 874 1700 equo
891 1663 1046 1700 variisque
1063 1664 1191 1700 instigat
1208 1664 1335 1692 vocibus
1353 1664 1442 1698 ultro,

673 1712 808 1741 Nomine
824 1722 977 1749 quemque
993 1722 1120 1746 vocans,
1137 1712 1294 1749 reficitque
1312 1713 1341 1740 in
1360 1713 1472 1749 praelia
1491 1713 1608 1749 pulsos,

671 1763 763 1791 Nunc
780 1771 876 1799 prece,
895 1772 977 1791 nunc
993 1762 1085 1790 dietis
1101 1762 1245 1790 virtutem
1263 1762 1403 1790 accendit
1419 1762 1544 1793 amaris.

670 1812 740 1850 Quo
757 1811 874 1847 fugitis,
893 1811 992 1840 socii?
1016 1821 1067 1847 per
1082 1821 1139 1839 vos
1155 1816 1183 1839 et
1201 1810 1290 1839 fortia
1307 1810 1389 1839 facta

667 1861 823 1897 Spemque
840 1870 952 1894 meam,
971 1860 1086 1896 patriae
1103 1870 1181 1896 quae
1199 1870 1280 1888 nunc
1297 1860 1378 1888 subit
1395 1861 1519 1889 aemula
1537 1860 1638 1889 laudis

671 1909 770 1938 Fidite
787 1919 824 1938 ne
841 1909 988 1945 pedibus:
1012 1908 1089 1937 ferro
1106 1909 1277 1945 rumpenda
1294 1919 1346 1945 per
1362 1909 1469 1938 hostes

671 1958 727 1986 Est
743 1958 803 1991 via,
821 1968 880 1994 qua
897 1958 1008 1993 globus
1026 1957 1075 1985 ille
1091 1957 1191 1984 virum
1208 1957 1417 1985 densissimus
1435 1963 1533 1993 urget.

670 2006 808 2034 Numina
825 2006 909 2034 nulla
927 2011 1080 2042 premunt,
1099 2006 1218 2034 mortali
1237 2015 1382 2041 urgemur
1397 2007 1436 2034 ab
1452 2007 1550 2036 hoste.

669 2055 755 2083 Haec
772 2055 814 2082 ait
829 2059 858 2083 et
876 2054 996 2082 medius
1013 2055 1127 2082 densos
1145 2055 1315 2090 prorumpit
1333 2055 1363 2082 in
1381 2055 1497 2085 hostes.

670 2103 782 2131 Nullus
799 2109 830 2131 at
846 2103 999 2132 instantes
1015 2103 1135 2139 Anglos
1153 2103 1310 2139 letumque
1328 2102 1461 2132 ferentes

669 2152 851 2180 Sustentare
867 2151 949 2180 valet
966 2151 1090 2188 gladiis,
1107 2157 1159 2179 aut
1177 2151 1285 2180 sistere
1302 2158 1418 2181 contra.
