1883 2730
449 206 512 245 356

451 402 486 430 55

454 639 492 665 60

462 1383 496 1411 75

464 1619 502 1645 80

470 2117 508 2143 90

845 211 941 235 MUSA
966 210 1103 234 LATINA
1128 209 1405 234 ABERDONENSIS.

733 292 812 321 Tum
830 302 902 321 vero
918 293 1048 321 annales
1064 291 1153 320 libuit
1169 301 1239 320 cum
1256 291 1398 319 evolvere
1414 289 1540 327 priscos

693 342 796 370 Altius
811 348 903 379 atque
919 341 1025 370 animo
1043 349 1227 377 magnorum
1245 340 1416 376 expendere
1431 338 1510 367 facta

696 392 844 426 Heroum,
861 401 939 428 quos
955 391 1004 419 ille
1020 391 1160 419 animos!
1186 394 1337 426 quantum
1355 388 1453 416 instar
1469 387 1499 416 in
1517 387 1584 424 ipso
1599 388 1604 414 !

696 440 766 469 Heu
784 449 845 468 non
864 439 1014 477 Fergusia
1031 439 1196 476 quisquam
1214 439 1250 467 de
1266 443 1359 475 gente
1375 442 1518 466 vetustos

695 489 730 517 In
749 494 870 517 tantum
888 489 1014 517 tollebat
1030 497 1107 516 avos
1124 497 1195 524 spe:
1220 492 1326 516 nostra
1342 495 1397 516 nec
1414 486 1477 514 ullo

694 538 831 567 Tantum
849 548 882 567 se
898 538 990 567 tellus
1006 538 1163 574 quondam
1181 537 1326 566 iactasset
1342 537 1479 565 alumno.

697 588 755 616 Sed
773 587 835 616 fata
852 588 933 615 hunc
950 587 1038 615 terris
1054 592 1176 615 tantum
1194 587 1364 620 ostendere,
1383 594 1438 614 nec
1454 585 1534 612 ultra

698 636 777 665 Esse
794 636 908 664 sinunt.
954 635 1067 669 Tanto,
1085 635 1231 670 Aonides,
1250 635 1310 663 iam
1328 635 1464 672 principe
1480 634 1592 670 dignos

699 685 832 714 Fundite
848 684 932 713 ferali
948 694 1018 713 cum
1035 685 1173 712 carmine
1190 684 1307 712 fundite
1324 683 1423 712 fletus.

739 734 811 762 Non
830 734 916 762 illum
933 743 950 761 a
967 733 1080 762 teneris
1097 738 1149 761 aut
1166 733 1269 761 mollis
1286 733 1396 762 inertia
1414 732 1514 761 somni

697 784 758 812 Aut
775 783 889 819 ignava
905 782 994 819 quies
1010 782 1109 819 potuit
1125 791 1330 819 corrumpere,
1348 782 1460 818 quippe

699 832 791 860 Nunc
807 841 916 868 campo
933 831 1034 860 fodere
1051 831 1080 859 in
1098 840 1197 859 vacuo
1212 831 1382 859 calcaribus
1398 839 1502 858 armos

700 881 864 910 Bellatoris
880 880 949 917 equi
967 880 1102 914 solitum,
1120 890 1201 908 nunc
1218 879 1337 908 flectere
1354 889 1456 917 gyro-5,

700 931 830 966 Cingere
847 939 899 958 seu
917 929 1004 958 libuit
1021 930 1120 958 saltus
1137 930 1356 965 salebrosaque
1371 934 1481 965 tesqua

699 980 838 1011 Vincere,
856 988 910 1007 seu
928 978 1030 1006 valida
1046 979 1230 1007 contendere
1246 977 1424 1007 comminus
1439 978 1538 1012 hasta,

702 1028 793 1056 Nunc
811 1027 914 1056 mollis
930 1027 1122 1063 glomerante
1139 1028 1252 1063 gradus
1269 1036 1320 1064 per
1337 1036 1464 1063 gramen
1481 1027 1618 1064 apricum

702 1077 809 1105 Invehi
826 1085 913 1112 equo,
930 1075 1055 1112 paribus
1071 1076 1144 1104 dum
1162 1085 1230 1104 sese
1247 1075 1383 1104 ostendit
1399 1075 1429 1103 in
1446 1075 1541 1103 armis

703 1127 836 1159 Arduus,
853 1131 885 1153 ut
902 1125 981 1153 cieat
997 1125 1067 1153 belli
1085 1125 1250 1153 simulacra
1266 1124 1369 1158 futuri,

701 1175 806 1212 Optati
823 1174 862 1202 ah
879 1175 971 1202 toties
988 1174 1057 1202 belli
1071 1175 1076 1201 ἔ
1101 1183 1139 1202 ne
1155 1174 1307 1210 inglorius
1322 1183 1433 1202 aevum

703 1224 854 1260 Exigeret.
902 1223 961 1252 Sed
979 1222 1040 1251 fata
1057 1228 1172 1252 vetant.
1221 1223 1292 1252 Heu
1310 1222 1444 1259 principe
1461 1222 1574 1258 dignos

705 1272 837 1301 Fundite
854 1271 937 1301 ferali
954 1281 1024 1300 cum
1041 1272 1178 1300 carmine
1195 1271 1313 1300 fundite
1330 1271 1431 1300 fletus.

742 1323 789 1350 Ah
807 1322 928 1358 quoties
945 1321 1064 1356 Gallus,
1082 1321 1204 1357 quoties
1220 1321 1350 1349 miratus
1368 1321 1475 1349 Iberus

704 1372 762 1401 Illa
779 1371 873 1399 animi
891 1379 1040 1407 generosa
1057 1376 1148 1398 tuens
1165 1370 1320 1407 praeludia
1337 1369 1460 1406 magni!

703 1421 783 1449 Cum
801 1425 888 1448 tanto
903 1419 1080 1456 oppositum
1100 1419 1129 1447 in
1147 1419 1257 1448 ferrum
1274 1424 1473 1455 consurgeret
1489 1418 1559 1446 inde

706 1469 839 1506 Impetu‚
855 1474 885 1497 et
901 1478 998 1505 usque
1014 1474 1111 1497 artem
1129 1468 1327 1497 minitantem
1346 1468 1486 1496 illuderet
1502 1472 1575 1502 arte,

707 1518 781 1546 Inde
796 1523 900 1546 autem
920 1518 948 1545 in
965 1518 1081 1554 digitos
1097 1523 1214 1546 arrecto
1231 1517 1405 1546 incenderet
1421 1526 1505 1546 acres

709 1567 903 1603 Regalesque
919 1566 1015 1594 animi
1031 1566 1129 1594 virtus
1146 1567 1224 1595 bene
1240 1566 1365 1595 conscia
1382 1566 1471 1594 vires.

709 1616 759 1644 Sic
778 1616 923 1652 Pyrrhus,
942 1615 984 1644 sic
1002 1615 1076 1652 ipse,
1095 1625 1169 1651 reor,
1187 1616 1280 1652 pedes
1297 1615 1358 1644 ibat
1375 1614 1405 1642 in
1423 1615 1546 1643 hostem

707 1665 836 1699 Pelides,
854 1665 951 1693 muris
968 1669 1131 1701 postquam
1151 1664 1218 1692 sine
1234 1664 1354 1692 vindice
1371 1663 1477 1692 dextra

709 1715 807 1742 Fama
824 1713 1042 1742 Menoetiaden
1059 1713 1171 1742 Troiae
1186 1713 1335 1742 cecidisse
1351 1713 1407 1740 sub
1423 1712 1505 1740 altis.

707 1764 747 1791 At
764 1772 845 1791 nunc
861 1772 1049 1797 congressus
1066 1761 1138 1790 fatis
1153 1762 1235 1790 haud
1251 1761 1369 1790 viribus
1384 1760 1492 1797 aequis

709 1811 826 1841 Occidit
842 1817 913 1840 ante
929 1811 1020 1840 diem.
1065 1810 1168 1839 Tanto
1184 1811 1262 1839 eheu
1279 1810 1415 1847 principe
1432 1809 1544 1845 dignos

713 1860 845 1888 Fundite
862 1859 946 1888 ferali
963 1868 1031 1888 cum
1049 1859 1186 1888 carmine
1202 1859 1321 1887 fundite
1338 1857 1438 1887 fletus.

751 1909 816 1938 Nec
832 1914 937 1937 tamen
954 1908 1028 1936 haec
1045 1908 1112 1936 ideo
1128 1908 1258 1944 spiraret
1275 1912 1307 1935 ut
1323 1907 1446 1936 horrida
1463 1915 1585 1943 semper

714 1959 810 1992 Bella,
828 1957 908 1986 seras
923 1957 1046 1994 capiant
1063 1957 1138 1986 haec
1154 1957 1362 1986 oblectamina
1378 1961 1510 1985 mentes.

713 2007 768 2035 Ille
784 2006 898 2035 etenim
917 2006 1070 2043 ingenuos
1086 2015 1158 2034 cura
1175 2005 1326 2034 formatus
1343 2005 1374 2033 in
1391 2014 1502 2034 omnes

713 2056 864 2085 Laetitiae
879 2060 908 2084 et
925 2055 1086 2084 Charitum
1104 2064 1214 2089 mores,
1231 2060 1296 2082 tum
1315 2055 1423 2091 pollice
1439 2054 1560 2082 dulcem

715 2105 886 2134 Sollicitare
903 2104 1012 2141 chelyn
1029 2104 1148 2138 doctus,
1165 2109 1231 2132 tum
1249 2104 1392 2140 plaudere
1408 2108 1493 2131 motu

713 2153 896 2190 Composito
912 2154 1048 2188 choreas,
1065 2153 1137 2190 agili
1155 2153 1310 2190 laquearia
1327 2161 1450 2180 summa
