1883 2730
444 220 460 242 Ι»)

467 220 484 250 ω

490 220 507 242 Ν

443 311 480 336 70

134 508 264 537 Ingressus
278 507 402 531 Praesulis

132 540 332 578 iii-Academiam
447 555 480 584 75

132 580 236 605 primus.

133 751 269 774 Abnormia
281 750 368 773 omnia

132 784 247 814 repperit.
444 793 483 820 80

136 901 250 924 l'aucitas
263 899 432 922 membrorum

133 934 204 960 mira,
217 932 406 962 eorundemque

133 970 275 990 oscitantia.

445 1039 481 1072 85

133 1099 220 1123 Oratio
232 1097 325 1121 blanda

133 1132 262 1156 Praesulis,
271 1130 302 1153 ad
311 1130 436 1153 tantillum

133 1164 288 1188 Academiae
300 1168 416 1186 senatum

133 1198 173 1228 qui
188 1204 231 1227 pro
244 1202 354 1226 tempore

133 1229 299 1260 superfuerant

445 1290 483 1315 90

135 1336 296 1361 Imminentin
310 1335 379 1358 varia

133 1370 243 1401 pericula
258 1368 390 1397 allegorice

134 1403 235 1433 exponit
251 1401 357 1424 l’racsul,
372 1406 395 1423 et

134 1435 300 1459 miserabilem
315 1435 377 1456 Aca-

133 1468 231 1492 demiae
243 1472 335 1490 statum

133 1501 254 1531 deplorat.

445 1535 480 1562 95

449 1780 504 1798 ῙΟΟ

137 1885 245 1908 Primam
265 1882 434 1914 Elphinstonii

135 1917 309 1940 fundationem
323 1916 434 1946 postulat

139 1950 248 1973 l‘raesul.

450 2021 502 2050 105

138 2083 202 2104 Mira
216 2081 385 2104 membrorum

136 2123 180 2144 pro
194 2120 306 2143 tempor<-

137 2147 291 2176 ignorantia.

839 219 935 244 MUSA
962 220 1097 243 LATINA
1124 217 1402 243 ABERDONENSIS.

643 301 746 338 Quare
761 311 819 338 age
835 311 892 330 vos
908 301 987 330 vasti
1004 301 1145 336 domitor,
1165 301 1318 337 Neptune,
1337 297 1489 336 profundi,

644 349 756 378 Confer
771 360 872 387 opem,
889 351 962 379 dum
979 359 1051 387 spes
1067 354 1207 386 superest
1221 360 1227 378 :
1250 348 1320 376 faxo
1335 347 1439 376 omine
1456 346 1557 374 fausto

646 398 716 427 Rite
731 399 806 427 ratis
822 399 916 427 rabidi
934 404 1056 436 superet
1073 399 1151 427 vada
1167 398 1289 427 caerula
1305 396 1401 434 ponti,

647 447 678 475 Si
696 448 788 476 modo
804 447 1015 485 magnanimis
1032 447 1155 476 faveant
1172 448 1220 484 pia
1237 446 1367 474 numina
1383 443 1510 481 coeptis.

647 496 711 525 Nec
727 506 824 531 mora,
841 497 1001 534 navigium
1019 496 1124 533 pernix
1140 495 1320 524 conscendit
1335 500 1364 523 et
1380 494 1443 522 alta

648 545 694 574 De
711 545 804 582 puppi
823 545 982 583 ingentem
1000 546 1148 574 scelerum
1167 544 1342 582 speculatur
1357 543 1505 580 abyssum

649 595 855 632 Errorurnque
873 595 1010 623 immane
1025 595 1120 622 chaos
1135 603 1140 623 z
1165 594 1232 622 sine
1249 593 1365 629 remige
1382 592 1488 629 pinum

648 643 829 678 Nutantem,
848 644 1012 680 subitaque
1029 643 1200 671 minantem
1217 642 1305 671 clade
1322 641 1452 675 ruinam,

646 693 767 730 Quique
785 692 1001 729 superfuerant
1017 702 1128 720 somno
1145 696 1287 728 torpente
1303 690 1443 726 sepultos

647 741 719 770 Una
735 750 844 770 omnes
859 753 864 771 :
887 742 974 770 clavo
991 742 1096 770 dextra
1112 746 1293 777 sceptroque
1310 739 1436 768 sinistra

647 790 792 826 Arreptis,
809 791 967 819 contendit
982 800 1081 819 ovans
1097 790 1285 827 puppimque
1302 793 1442 816 ruentem

649 839 747 876 Erigit
763 845 792 868 et
809 840 920 868 mediis
937 839 1053 868 sensim
1072 839 1221 876 protrudit
1238 839 1267 866 in
1285 837 1394 866 undis:

648 888 817 917 Postmodo
835 888 951 917 letifero
968 889 1118 918 obductos
1134 893 1302 924 captosque
1318 892 1444 915 veterno

648 937 785 966 Suscitat
800 943 829 966 et
846 938 936 966 dictis
953 943 1064 966 nautas
1081 936 1192 965 affatur
1208 936 1334 965 amicis:

648 986 739 1014 Sicne
756 986 836 1014 iaces
853 986 1036 1014 moribunda
1051 986 1161 1014 cohors
1176 985 1186 1013 ἲ
1234 984 1361 1012 Mollem
1378 989 1484 1012 excute
1501 992 1657 1016 somnum,

647 1035 742 1063 Ocius
758 1035 878 1071 evigila,
897 1040 925 1063 et
941 1035 1018 1063 velis
1034 1034 1166 1062 immitte
1184 1034 1344 1063 rudentes:

651 1084 764 1112 Nonne
781 1084 866 1112 vides
883 1089 915 1111 ut
932 1092 1014 1111 nunc
1030 1082 1127 1111 maria
1144 1082 1278 1118 undique
1294 1087 1323 1110 et
1340 1081 1475 1117 undique
1492 1079 1635 1109 caelum?

652 1133 763 1161 Nonne
779 1133 866 1161 vides
884 1133 1024 1160 Helenen
1042 1141 1162 1168 proram
1181 1131 1370 1168 puppimque
1388 1134 1556 1161 tenentem,

650 1182 774 1210 Assolet
791 1180 922 1210 adflictis
937 1181 1055 1209 cladem
1073 1190 1150 1217 quae
1167 1178 1275 1208 inferre
1291 1179 1404 1208 carinis
1419 1178 1429 1206 ?

648 1231 757 1258 Cernis
774 1236 806 1258 ut
823 1230 978 1258 immenso
995 1230 1087 1258 distet
1104 1235 1182 1258 terra
1199 1229 1371 1262 intervallo,

650 1279 849 1316 Humidaque
865 1279 1027 1308 horrisono
1044 1288 1190 1316 praeceps
1206 1283 1273 1306 ruat
1290 1278 1415 1306 Oceano
1432 1277 1509 1305 nox!

650 1329 752 1366 thue
769 1329 861 1357 undis
879 1329 1013 1365 impulsa
1030 1328 1131 1364 procul
1149 1328 1185 1356 de
1203 1327 1303 1355 littore
1320 1326 1433 1363 puppis

646 1378 800 1406 ‘l‘rudatnr
816 1378 938 1411 ruitura,
955 1382 1108 1414 epotoque
1123 1377 1205 1405 ebria
1224 1376 1325 1404 Nereo

648 1427 807 1455 Fluctuetz
831 1432 860 1454 et
878 1426 974 1454 nimio
990 1425 1118 1454 fundum
1136 1431 1219 1462 petat
1235 1425 1377 1462 aequoris
1394 1425 1516 1458 haustu¹

648 1476 744 1503 I'assa
762 1475 856 1504 trucis
874 1475 990 1503 Boreae
1007 1474 1120 1503 rabiem
1136 1486 1142 1510 ς
1165 1473 1354 1502 miserescite
1371 1473 1463 1502 vestri

648 1525 679 1552 Si
698 1534 757 1561 qua
774 1524 832 1561 piis
849 1524 956 1560 pietas,
974 1524 998 1551 si
1015 1533 1075 1560 qua
1091 1528 1139 1552 est
1155 1524 1202 1552 vel
1219 1533 1291 1552 cura
1308 1522 1436 1551 salutis:

649 1573 740 1608 Erige
756 1578 794 1608 te,
812 1583 916 1601 secura
933 1573 1051 1607 cohors,
1068 1573 1161 1601 timor
1175 1572 1279 1600 omnis
1295 1573 1410 1600 abesto.

648 1622 763 1651 Ductor
777 1622 832 1650 erit
852 1622 1024 1656 Palinurus,
1041 1622 1096 1650 erit
1112 1623 1184 1650 dum
1202 1621 1327 1658 spiritus
1343 1627 1428 1650 artus

649 1671 717 1699 Hos
734 1677 825 1706 reget,
842 1676 871 1699 et
889 1676 1010 1707 portum
1028 1670 1199 1699 incolumes
1215 1670 1361 1698 immittet
1378 1670 1407 1698 in
1426 1670 1536 1706 ipsum,

649 1720 680 1747 si
699 1721 791 1748 modo
810 1719 847 1748 Di
867 1719 1007 1752 faveant;
1033 1720 1125 1747 modo
1142 1719 1166 1747 si
1185 1719 1258 1746 mihi
1277 1719 1388 1747 Castor
1403 1718 1535 1747 amicam

649 1768 762 1804 Porgat
779 1778 867 1805 opem
889 1768 1067 1804 Polluxque,
1084 1767 1154 1795 aliis
1169 1768 1248 1796 dabo
1264 1769 1391 1796 carbasa
1408 1767 1520 1801 ventis,

650 1817 860 1852 Regalemque
877 1821 971 1844 ratem
991 1816 1110 1853 propria
1127 1816 1261 1844 statione
1279 1825 1434 1852 reponam.

650 1865 769 1893 Interea
785 1865 931 1901 antiquae
947 1874 1025 1901 quae
1042 1864 1104 1892 sint
1121 1864 1302 1893 fundamina
1320 1865 1408 1893 navis

650 1914 751 1942 Prima
769 1919 864 1950 rogat,
883 1913 971 1950 primi
989 1923 1066 1950 quac
1083 1913 1144 1941 sint
1162 1918 1365 1942 monumenta
1381 1913 1520 1949 magistri

649 1963 769 1999 Scripta
785 1972 889 1995 manu,
906 1962 1002 1990 vitreo
1020 1962 1157 1998 Neptuni
1176 1961 1326 1998 impressa
1343 1962 1454 1998 sigillo,

650 2011 754 2040 Sidere
771 2020 831 2047 quo
847 2015 1022 2039 constructa
1040 2010 1114 2038 ratis
1132 2009 1195 2038 sit?
1221 2020 1320 2046 quove
1337 2010 1447 2038 marini

650 2067 800 2105 Principis
817 2067 940 2095 arbitrio
957 2076 1008 2103 per
1024 2072 1068 2095 tot
1085 2067 1163 2094 vada
1178 2067 1298 2095 caerula
1316 2067 1400 2104 ponti

510 2145 548 2172 ⁴67.
570 2143 696 2169 Helenen,
710 2144 748 2165 St.
764 2142 858 2165 lilmo‘s
871 2142 934 2171 light
948 2141 1042 2172 (Pliny,
1055 2149 1078 2166 23.
1092 2148 1131 2171 37,
1144 2142 1192 2172 37).

509 2191 548 2212 99.
568 2185 658 2207 Castor
672 2183 722 2206 and
738 2184 823 2207 Pollux
837 2183 910 2213 (Hor.
924 2183 997 2211 Odcs,
1013 2183 1030 2205 1.
1046 2182 1078 2205 iii.
1092 2183 1123 2212 2).
