<?xml version="1.0" encoding="UTF-8"?>
<!DOCTYPE html PUBLIC "-//W3C//DTD XHTML 1.0 Transitional//EN"
    "http://www.w3.org/TR/xhtml1/DTD/xhtml1-transitional.dtd">
<html xmlns="http://www.w3.org/1999/xhtml" xml:lang="en" lang="en">
 <head>
  <title>
</title>
<meta http-equiv="Content-Type" content="text/html;charset=utf-8" />
  <meta name='ocr-system' content='tesseract 3.04.00' />
  <meta name='ocr-capabilities' content='ocr_page ocr_carea ocr_par ocr_line ocrx_word'/>
</head>
<body>
  <div class='ocr_page' id='page_1' title='image "./musalatinaaberdo03gedduoft_0474.png"; bbox 0 0 1883 2730; ppageno 0'>
   <div class='ocr_carea' id='block_1_1' title="bbox 448 195 513 226">
    <p class='ocr_par' dir='ltr' id='par_1_1' title="bbox 448 195 513 226">
     <span class='ocr_line' id='line_1_1' title="bbox 448 195 513 226; baseline 0.015 -1"><span class='ocrx_word' id='word_1_1' title='bbox 448 195 513 226; x_wconf 79' lang='lat'>424</span> 
     </span>
    </p>
   </div>
   <div class='ocr_carea' id='block_1_2' title="bbox 454 481 506 509">
    <p class='ocr_par' dir='ltr' id='par_1_2' title="bbox 454 481 506 509">
     <span class='ocr_line' id='line_1_2' title="bbox 454 481 506 509; baseline 0.038 -2"><span class='ocrx_word' id='word_1_2' title='bbox 454 481 506 509; x_wconf 73' lang='lat'>195</span> 
     </span>
    </p>
   </div>
   <div class='ocr_carea' id='block_1_3' title="bbox 454 728 509 746">
    <p class='ocr_par' dir='ltr' id='par_1_3' title="bbox 454 728 509 746">
     <span class='ocr_line' id='line_1_3' title="bbox 454 728 509 746; baseline 0 0"><span class='ocrx_word' id='word_1_3' title='bbox 454 728 509 746; x_wconf 86' lang='lat'>200</span> 
     </span>
    </p>
   </div>
   <div class='ocr_carea' id='block_1_4' title="bbox 453 972 507 1000">
    <p class='ocr_par' dir='ltr' id='par_1_4' title="bbox 453 972 507 1000">
     <span class='ocr_line' id='line_1_4' title="bbox 453 972 507 1000; baseline 0 -9"><span class='ocrx_word' id='word_1_4' title='bbox 453 972 507 1000; x_wconf 85' lang='lat'>²05</span> 
     </span>
    </p>
   </div>
   <div class='ocr_carea' id='block_1_5' title="bbox 455 1219 510 1237">
    <p class='ocr_par' dir='ltr' id='par_1_5' title="bbox 455 1219 510 1237">
     <span class='ocr_line' id='line_1_5' title="bbox 455 1219 510 1237; baseline 0.018 -1"><span class='ocrx_word' id='word_1_5' title='bbox 455 1219 510 1237; x_wconf 81' lang='lat'>210</span> 
     </span>
    </p>
   </div>
   <div class='ocr_carea' id='block_1_6' title="bbox 455 1462 509 1490">
    <p class='ocr_par' dir='ltr' id='par_1_6' title="bbox 455 1462 509 1490">
     <span class='ocr_line' id='line_1_6' title="bbox 455 1462 509 1490; baseline 0.019 -10"><span class='ocrx_word' id='word_1_6' title='bbox 455 1462 509 1490; x_wconf 87' lang='lat'>215</span> 
     </span>
    </p>
   </div>
   <div class='ocr_carea' id='block_1_7' title="bbox 455 1707 511 1725">
    <p class='ocr_par' dir='ltr' id='par_1_7' title="bbox 455 1707 511 1725">
     <span class='ocr_line' id='line_1_7' title="bbox 455 1707 511 1725; baseline 0 0"><span class='ocrx_word' id='word_1_7' title='bbox 455 1707 511 1725; x_wconf 82' lang='lat'>220</span> 
     </span>
    </p>
   </div>
   <div class='ocr_carea' id='block_1_8' title="bbox 455 1951 509 1979">
    <p class='ocr_par' dir='ltr' id='par_1_8' title="bbox 455 1951 509 1979">
     <span class='ocr_line' id='line_1_8' title="bbox 455 1951 509 1979; baseline -0.019 -9"><span class='ocrx_word' id='word_1_8' title='bbox 455 1951 509 1979; x_wconf 77' lang='grc'>225</span> 
     </span>
    </p>
   </div>
   <div class='ocr_carea' id='block_1_9' title="bbox 852 191 1414 217">
    <p class='ocr_par' dir='ltr' id='par_1_9' title="bbox 852 191 1414 217">
     <span class='ocr_line' id='line_1_9' title="bbox 852 191 1414 217; baseline -0.004 -1"><span class='ocrx_word' id='word_1_9' title='bbox 852 193 945 217; x_wconf 67' lang='lat' dir='ltr'>MUSA</span> <span class='ocrx_word' id='word_1_10' title='bbox 974 193 1110 216; x_wconf 65' lang='lat' dir='ltr'>LATINA</span> <span class='ocrx_word' id='word_1_11' title='bbox 1136 191 1414 216; x_wconf 70' lang='lat' dir='ltr'>ABERDONENSIS.</span> 
     </span>
    </p>
   </div>
   <div class='ocr_carea' id='block_1_10' title="bbox 693 273 1656 2173">
    <p class='ocr_par' dir='ltr' id='par_1_10' title="bbox 694 273 1549 410">
     <span class='ocr_line' id='line_1_10' title="bbox 696 273 1405 304; baseline -0.004 -1"><span class='ocrx_word' id='word_1_12' title='bbox 696 274 779 303; x_wconf 89' lang='lat' dir='ltr'>Hinc</span> <span class='ocrx_word' id='word_1_13' title='bbox 796 275 879 304; x_wconf 87' lang='lat' dir='ltr'>lauta</span> <span class='ocrx_word' id='word_1_14' title='bbox 897 275 974 303; x_wconf 92' lang='lat' dir='ltr'>inter</span> <span class='ocrx_word' id='word_1_15' title='bbox 991 284 1023 303; x_wconf 91' lang='lat' dir='ltr'>se</span> <span class='ocrx_word' id='word_1_16' title='bbox 1039 273 1110 302; x_wconf 87' lang='lat' dir='ltr'>laeti</span> <span class='ocrx_word' id='word_1_17' title='bbox 1127 273 1270 302; x_wconf 86' lang='lat' dir='ltr'>convivia</span> <span class='ocrx_word' id='word_1_18' title='bbox 1287 277 1405 301; x_wconf 89' lang='lat' dir='ltr'>curant.</span> 
     </span>
     <span class='ocr_line' id='line_1_11' title="bbox 695 323 1549 361; baseline -0.004 -9"><span class='ocrx_word' id='word_1_19' title='bbox 695 324 865 361; x_wconf 88' lang='lat' dir='ltr'>Postquam</span> <span class='ocrx_word' id='word_1_20' title='bbox 883 323 963 352; x_wconf 86' lang='lat' dir='ltr'>facta</span> <span class='ocrx_word' id='word_1_21' title='bbox 978 323 1066 360; x_wconf 89' lang='lat' dir='ltr'>quies</span> <span class='ocrx_word' id='word_1_22' title='bbox 1082 323 1182 360; x_wconf 84' lang='lat' dir='ltr'>epulis</span> <span class='ocrx_word' id='word_1_23' title='bbox 1198 331 1388 358; x_wconf 85' lang='lat' dir='ltr'>mensaeque</span> <span class='ocrx_word' id='word_1_24' title='bbox 1404 327 1549 355; x_wconf 85' lang='lat' dir='ltr'>remotae,</span> 
     </span>
     <span class='ocr_line' id='line_1_12' title="bbox 694 370 1499 410; baseline -0.005 -8"><span class='ocrx_word' id='word_1_25' title='bbox 694 373 810 402; x_wconf 88' lang='lat' dir='ltr'>Ordine</span> <span class='ocrx_word' id='word_1_26' title='bbox 826 373 957 409; x_wconf 85' lang='lat' dir='ltr'>quisque</span> <span class='ocrx_word' id='word_1_27' title='bbox 974 381 1030 400; x_wconf 91' lang='lat' dir='ltr'>suo</span> <span class='ocrx_word' id='word_1_28' title='bbox 1047 371 1139 410; x_wconf 81' lang='lat' dir='ltr'>(Regi</span> <span class='ocrx_word' id='word_1_29' title='bbox 1157 377 1262 400; x_wconf 90' lang='lat' dir='ltr'>tarnen</span> <span class='ocrx_word' id='word_1_30' title='bbox 1279 375 1350 399; x_wconf 85' lang='lat' dir='ltr'>ante</span> <span class='ocrx_word' id='word_1_31' title='bbox 1367 370 1499 399; x_wconf 88' lang='lat' dir='ltr'>salutem</span> 
     </span>
    </p>

    <p class='ocr_par' dir='ltr' id='par_1_11' title="bbox 696 420 1391 456">
     <span class='ocr_line' id='line_1_13' title="bbox 696 420 1391 456; baseline -0.004 -7"><span class='ocrx_word' id='word_1_32' title='bbox 696 421 735 450; x_wconf 85' lang='lat' dir='ltr'>Et</span> <span class='ocrx_word' id='word_1_33' title='bbox 751 421 926 450; x_wconf 79' lang='lat' dir='ltr'>fortunatae</span> <span class='ocrx_word' id='word_1_34' title='bbox 944 420 1041 449; x_wconf 88' lang='lat' dir='ltr'>soboli</span> <span class='ocrx_word' id='word_1_35' title='bbox 1058 420 1231 456; x_wconf 88' lang='lat' dir='ltr'>triplicique</span> <span class='ocrx_word' id='word_1_36' title='bbox 1248 424 1391 456; x_wconf 84' lang='lat' dir='ltr'><strong>precatus</strong></span> 
     </span>
    </p>

    <p class='ocr_par' dir='ltr' id='par_1_12' title="bbox 694 468 1428 508">
     <span class='ocr_line' id='line_1_14' title="bbox 694 468 1428 508; baseline -0.004 -9"><span class='ocrx_word' id='word_1_37' title='bbox 694 470 840 508; x_wconf 90' lang='lat' dir='ltr'>Imperio)</span> <span class='ocrx_word' id='word_1_38' title='bbox 856 475 978 507; x_wconf 85' lang='lat' dir='ltr'>pateras</span> <span class='ocrx_word' id='word_1_39' title='bbox 995 474 1178 506; x_wconf 80' lang='lat' dir='ltr'>spumantes</span> <span class='ocrx_word' id='word_1_40' title='bbox 1194 469 1296 496; x_wconf 87' lang='lat' dir='ltr'>haurit</span> <span class='ocrx_word' id='word_1_41' title='bbox 1312 473 1342 497; x_wconf 91' lang='lat' dir='ltr'>et</span> <span class='ocrx_word' id='word_1_42' title='bbox 1357 468 1428 496; x_wconf 90' lang='lat' dir='ltr'>inde</span> 
     </span>
    </p>

    <p class='ocr_par' dir='ltr' id='par_1_13' title="bbox 693 518 1629 801">
     <span class='ocr_line' id='line_1_15' title="bbox 693 518 1629 554; baseline -0.003 -6"><span class='ocrx_word' id='word_1_43' title='bbox 693 519 738 548; x_wconf 75' lang='lat' dir='ltr'>&#39;l&#39;e</span> <span class='ocrx_word' id='word_1_44' title='bbox 754 519 868 548; x_wconf 83' lang='lat' dir='ltr'>vocitat</span> <span class='ocrx_word' id='word_1_45' title='bbox 883 530 889 554; x_wconf 82' lang='lat'><em>3</em></span> <span class='ocrx_word' id='word_1_46' title='bbox 913 523 1058 547; x_wconf 88' lang='lat' dir='ltr'>resonant</span> <span class='ocrx_word' id='word_1_47' title='bbox 1074 518 1203 554; x_wconf 83' lang='lat' dir='ltr'>plausus</span> <span class='ocrx_word' id='word_1_48' title='bbox 1220 518 1430 554; x_wconf 88' lang='lat' dir='ltr'>iuvenumque</span> <span class='ocrx_word' id='word_1_49' title='bbox 1447 526 1629 553; x_wconf 80' lang='lat' dir='ltr'>senumque,</span> 
     </span>
     <span class='ocr_line' id='line_1_16' title="bbox 693 566 1488 604; baseline -0.003 -8"><span class='ocrx_word' id='word_1_50' title='bbox 693 568 826 604; x_wconf 80' lang='lat' dir='ltr'>Altaque</span> <span class='ocrx_word' id='word_1_51' title='bbox 842 567 1030 604; x_wconf 88' lang='lat' dir='ltr'>respondent</span> <span class='ocrx_word' id='word_1_52' title='bbox 1047 567 1202 604; x_wconf 82' lang='lat' dir='ltr'>laquearia</span> <span class='ocrx_word' id='word_1_53' title='bbox 1218 576 1353 600; x_wconf 71' lang='lat' dir='ltr'>carmen,</span> <span class='ocrx_word' id='word_1_54' title='bbox 1370 566 1488 594; x_wconf 89' lang='lat' dir='ltr'>avitum</span> 
     </span>
     <span class='ocr_line' id='line_1_17' title="bbox 695 615 1488 654; baseline -0.001 -9"><span class='ocrx_word' id='word_1_55' title='bbox 695 617 810 654; x_wconf 84' lang='lat' dir='ltr'>Magne</span> <span class='ocrx_word' id='word_1_56' title='bbox 827 616 880 645; x_wconf 90' lang='lat' dir='ltr'>tibi</span> <span class='ocrx_word' id='word_1_57' title='bbox 898 626 948 645; x_wconf 82' lang='lat' dir='ltr'>rex</span> <span class='ocrx_word' id='word_1_58' title='bbox 964 626 1078 652; x_wconf 78' lang='lat' dir='ltr'>magne</span> <span class='ocrx_word' id='word_1_59' title='bbox 1094 615 1156 644; x_wconf 86' lang='lat' dir='ltr'>tuis</span> <span class='ocrx_word' id='word_1_60' title='bbox 1172 616 1315 644; x_wconf 88' lang='lat' dir='ltr'>diadema</span> <span class='ocrx_word' id='word_1_61' title='bbox 1331 621 1488 653; x_wconf 85' lang='lat' dir='ltr'>perennet.</span> 
     </span>
     <span class='ocr_line' id='line_1_18' title="bbox 696 664 1388 703; baseline -0.001 -9"><span class='ocrx_word' id='word_1_62' title='bbox 696 666 827 703; x_wconf 78' lang='lat' dir='ltr'>Insuper</span> <span class='ocrx_word' id='word_1_63' title='bbox 842 671 870 694; x_wconf 92' lang='lat' dir='ltr'>et</span> <span class='ocrx_word' id='word_1_64' title='bbox 887 666 970 694; x_wconf 80' lang='lat' dir='ltr'>cives</span> <span class='ocrx_word' id='word_1_65' title='bbox 987 666 1097 694; x_wconf 87' lang='lat' dir='ltr'>hilarat</span> <span class='ocrx_word' id='word_1_66' title='bbox 1115 671 1290 702; x_wconf 75' lang='lat' dir='ltr'>praesentia</span> <span class='ocrx_word' id='word_1_67' title='bbox 1307 664 1388 702; x_wconf 89' lang='lat' dir='ltr'>regis</span> 
     </span>
     <span class='ocr_line' id='line_1_19' title="bbox 695 713 1428 752; baseline -0.001 -9"><span class='ocrx_word' id='word_1_68' title='bbox 695 716 866 752; x_wconf 85' lang='lat' dir='ltr'>Expectata</span> <span class='ocrx_word' id='word_1_69' title='bbox 882 715 943 743; x_wconf 87' lang='lat' dir='ltr'>diu.</span> <span class='ocrx_word' id='word_1_70' title='bbox 986 714 1055 742; x_wconf 86' lang='lat' dir='ltr'>Tibi</span> <span class='ocrx_word' id='word_1_71' title='bbox 1073 720 1177 751; x_wconf 88' lang='lat' dir='ltr'>portas</span> <span class='ocrx_word' id='word_1_72' title='bbox 1193 713 1300 751; x_wconf 86' lang='lat' dir='ltr'>pandit</span> <span class='ocrx_word' id='word_1_73' title='bbox 1318 714 1428 749; x_wconf 85' lang='lat' dir='ltr'>Edina,</span> 
     </span>
     <span class='ocr_line' id='line_1_20' title="bbox 695 763 1488 801; baseline -0.001 -9"><span class='ocrx_word' id='word_1_74' title='bbox 695 764 920 801; x_wconf 85' lang='lat' dir='ltr'>Multiplicique</span> <span class='ocrx_word' id='word_1_75' title='bbox 937 764 979 792; x_wconf 89' lang='lat' dir='ltr'>tui</span> <span class='ocrx_word' id='word_1_76' title='bbox 998 764 1054 791; x_wconf 86' lang='lat' dir='ltr'>sub</span> <span class='ocrx_word' id='word_1_77' title='bbox 1071 763 1207 800; x_wconf 84' lang='lat' dir='ltr'>imagine</span> <span class='ocrx_word' id='word_1_78' title='bbox 1224 763 1323 800; x_wconf 83' lang='lat' dir='ltr'>pingit</span> <span class='ocrx_word' id='word_1_79' title='bbox 1339 772 1488 792; x_wconf 87' lang='lat' dir='ltr'>amorem.</span> 
     </span>
    </p>

    <p class='ocr_par' dir='ltr' id='par_1_14' title="bbox 695 812 1574 1096">
     <span class='ocr_line' id='line_1_21' title="bbox 698 812 1446 850; baseline -0.001 -9"><span class='ocrx_word' id='word_1_80' title='bbox 698 813 758 842; x_wconf 88' lang='lat' dir='ltr'>Hic</span> <span class='ocrx_word' id='word_1_81' title='bbox 774 814 846 850; x_wconf 81' lang='lat' dir='ltr'>iuga</span> <span class='ocrx_word' id='word_1_82' title='bbox 866 812 1011 841; x_wconf 81' lang='lat' dir='ltr'>Parnassi</span> <span class='ocrx_word' id='word_1_83' title='bbox 1028 812 1194 840; x_wconf 82' lang='lat' dir='ltr'>viridantia</span> <span class='ocrx_word' id='word_1_84' title='bbox 1209 813 1345 841; x_wconf 87' lang='lat' dir='ltr'>carmine</span> <span class='ocrx_word' id='word_1_85' title='bbox 1362 813 1446 841; x_wconf 90' lang='lat' dir='ltr'>mille</span> 
     </span>
     <span class='ocr_line' id='line_1_22' title="bbox 697 861 1451 895; baseline -0.001 -5"><span class='ocrx_word' id='word_1_86' title='bbox 697 862 864 895; x_wconf 75' lang='lat' dir='ltr'>Aonidum,</span> <span class='ocrx_word' id='word_1_87' title='bbox 882 871 992 890; x_wconf 86' lang='lat' dir='ltr'>vocum</span> <span class='ocrx_word' id='word_1_88' title='bbox 1010 862 1147 890; x_wconf 87' lang='lat' dir='ltr'>mulcent</span> <span class='ocrx_word' id='word_1_89' title='bbox 1163 861 1342 890; x_wconf 90' lang='lat' dir='ltr'>discrimina</span> <span class='ocrx_word' id='word_1_90' title='bbox 1359 861 1451 890; x_wconf 88' lang='lat' dir='ltr'>mille.</span> 
     </span>
     <span class='ocr_line' id='line_1_23' title="bbox 695 911 1571 949; baseline 0 -9"><span class='ocrx_word' id='word_1_91' title='bbox 695 912 900 949; x_wconf 82' lang='lat' dir='ltr'>Fulminaque</span> <span class='ocrx_word' id='word_1_92' title='bbox 918 912 1113 948; x_wconf 76' lang='lat' dir='ltr'>ingeminant</span> <span class='ocrx_word' id='word_1_93' title='bbox 1129 921 1214 940; x_wconf 91' lang='lat' dir='ltr'>arces</span> <span class='ocrx_word' id='word_1_94' title='bbox 1231 911 1396 948; x_wconf 85' lang='lat' dir='ltr'>sonituque</span> <span class='ocrx_word' id='word_1_95' title='bbox 1411 912 1571 940; x_wconf 88' lang='lat' dir='ltr'>tremendo</span> 
     </span>
     <span class='ocr_line' id='line_1_24' title="bbox 696 961 1574 998; baseline -0.002 -8"><span class='ocrx_word' id='word_1_96' title='bbox 696 961 778 990; x_wconf 86' lang='lat' dir='ltr'>Hinc</span> <span class='ocrx_word' id='word_1_97' title='bbox 794 967 887 998; x_wconf 88' lang='lat' dir='ltr'>atque</span> <span class='ocrx_word' id='word_1_98' title='bbox 904 961 975 989; x_wconf 88' lang='lat' dir='ltr'>hinc</span> <span class='ocrx_word' id='word_1_99' title='bbox 991 970 1082 989; x_wconf 84' lang='lat' dir='ltr'>aurae</span> <span class='ocrx_word' id='word_1_100' title='bbox 1099 961 1236 996; x_wconf 87' lang='lat' dir='ltr'>reboant,</span> <span class='ocrx_word' id='word_1_101' title='bbox 1254 961 1416 997; x_wconf 84' lang='lat' dir='ltr'>laetusque</span> <span class='ocrx_word' id='word_1_102' title='bbox 1431 961 1574 989; x_wconf 78' lang='lat' dir='ltr'>tubarum</span> 
     </span>
     <span class='ocr_line' id='line_1_25' title="bbox 695 1009 1507 1047; baseline 0 -8"><span class='ocrx_word' id='word_1_103' title='bbox 695 1011 924 1047; x_wconf 80' lang='lat' dir='ltr'>Alternansque</span> <span class='ocrx_word' id='word_1_104' title='bbox 940 1011 1050 1039; x_wconf 89' lang='lat' dir='ltr'>modos</span> <span class='ocrx_word' id='word_1_105' title='bbox 1066 1009 1132 1038; x_wconf 89' lang='lat' dir='ltr'>ferit</span> <span class='ocrx_word' id='word_1_106' title='bbox 1149 1019 1240 1038; x_wconf 88' lang='lat' dir='ltr'>aurea</span> <span class='ocrx_word' id='word_1_107' title='bbox 1257 1010 1355 1038; x_wconf 88' lang='lat' dir='ltr'>sidera</span> <span class='ocrx_word' id='word_1_108' title='bbox 1371 1010 1507 1046; x_wconf 88' lang='lat' dir='ltr'>clangor.</span> 
     </span>
     <span class='ocr_line' id='line_1_26' title="bbox 695 1059 1418 1096; baseline 0 -8"><span class='ocrx_word' id='word_1_109' title='bbox 695 1060 805 1088; x_wconf 84' lang='lat' dir='ltr'>Vincat</span> <span class='ocrx_word' id='word_1_110' title='bbox 824 1060 934 1093; x_wconf 78' lang='lat' dir='ltr'>Edina,</span> <span class='ocrx_word' id='word_1_111' title='bbox 953 1060 1008 1088; x_wconf 90' lang='lat' dir='ltr'>loci</span> <span class='ocrx_word' id='word_1_112' title='bbox 1027 1059 1130 1088; x_wconf 81' lang='lat' dir='ltr'>vincat</span> <span class='ocrx_word' id='word_1_113' title='bbox 1150 1059 1278 1096; x_wconf 88' lang='lat' dir='ltr'>potioris</span> <span class='ocrx_word' id='word_1_114' title='bbox 1295 1059 1418 1093; x_wconf 84' lang='lat' dir='ltr'>honore,</span> 
     </span>
    </p>

    <p class='ocr_par' dir='ltr' id='par_1_15' title="bbox 694 1108 1576 1438">
     <span class='ocr_line' id='line_1_27' title="bbox 696 1108 1568 1146; baseline -0.001 -9"><span class='ocrx_word' id='word_1_115' title='bbox 696 1108 791 1145; x_wconf 81' lang='lat' dir='ltr'>Regis</span> <span class='ocrx_word' id='word_1_116' title='bbox 807 1118 911 1137; x_wconf 86' lang='lat' dir='ltr'>amore</span> <span class='ocrx_word' id='word_1_117' title='bbox 928 1114 1033 1137; x_wconf 89' lang='lat' dir='ltr'>tamen</span> <span class='ocrx_word' id='word_1_118' title='bbox 1051 1118 1223 1146; x_wconf 84' lang='lat' dir='ltr'>nunquam,</span> <span class='ocrx_word' id='word_1_119' title='bbox 1241 1108 1317 1136; x_wconf 86' lang='lat' dir='ltr'>mihi</span> <span class='ocrx_word' id='word_1_120' title='bbox 1334 1109 1430 1143; x_wconf 90' lang='lat' dir='ltr'>crede,</span> <span class='ocrx_word' id='word_1_121' title='bbox 1448 1117 1568 1136; x_wconf 83' lang='lat' dir='ltr'>sorores</span> 
     </span>
     <span class='ocr_line' id='line_1_28' title="bbox 695 1157 1483 1194; baseline -0.001 -8"><span class='ocrx_word' id='word_1_122' title='bbox 695 1158 808 1186; x_wconf 83' lang='lat' dir='ltr'>Vicerit</span> <span class='ocrx_word' id='word_1_123' title='bbox 825 1158 876 1186; x_wconf 88' lang='lat' dir='ltr'>illa</span> <span class='ocrx_word' id='word_1_124' title='bbox 893 1168 976 1186; x_wconf 74' lang='lat' dir='ltr'>suas·</span> <span class='ocrx_word' id='word_1_125' title='bbox 1019 1157 1136 1186; x_wconf 86' lang='lat' dir='ltr'>Taides</span> <span class='ocrx_word' id='word_1_126' title='bbox 1153 1157 1249 1186; x_wconf 86' lang='lat' dir='ltr'>nostri</span> <span class='ocrx_word' id='word_1_127' title='bbox 1268 1157 1382 1194; x_wconf 80' lang='lat' dir='ltr'>inclyta</span> <span class='ocrx_word' id='word_1_128' title='bbox 1399 1157 1483 1194; x_wconf 83' lang='lat' dir='ltr'>regni</span> 
     </span>
     <span class='ocr_line' id='line_1_29' title="bbox 694 1207 1529 1244; baseline -0.001 -9"><span class='ocrx_word' id='word_1_129' title='bbox 694 1207 800 1235; x_wconf 88' lang='lat' dir='ltr'>Gloria</span> <span class='ocrx_word' id='word_1_130' title='bbox 817 1212 845 1236; x_wconf 86' lang='lat' dir='ltr'>te</span> <span class='ocrx_word' id='word_1_131' title='bbox 865 1207 980 1244; x_wconf 82' lang='lat' dir='ltr'>Regem</span> <span class='ocrx_word' id='word_1_132' title='bbox 1000 1216 1113 1244; x_wconf 80' lang='lat' dir='ltr'>pronae</span> <span class='ocrx_word' id='word_1_133' title='bbox 1132 1207 1365 1243; x_wconf 88' lang='lat' dir='ltr'>Dominumque</span> <span class='ocrx_word' id='word_1_134' title='bbox 1383 1207 1529 1235; x_wconf 85' lang='lat' dir='ltr'>salutant.</span> 
     </span>
     <span class='ocr_line' id='line_1_30' title="bbox 695 1255 1488 1293; baseline 0 -9"><span class='ocrx_word' id='word_1_135' title='bbox 695 1256 735 1284; x_wconf 81' lang='lat' dir='ltr'>At</span> <span class='ocrx_word' id='word_1_136' title='bbox 751 1265 829 1293; x_wconf 86' lang='lat' dir='ltr'>quae</span> <span class='ocrx_word' id='word_1_137' title='bbox 846 1261 926 1284; x_wconf 84' lang='lat' dir='ltr'>tecta</span> <span class='ocrx_word' id='word_1_138' title='bbox 944 1256 1028 1284; x_wconf 85' lang='lat' dir='ltr'>Deae</span> <span class='ocrx_word' id='word_1_139' title='bbox 1044 1256 1150 1284; x_wconf 86' lang='lat' dir='ltr'>vitreis</span> <span class='ocrx_word' id='word_1_140' title='bbox 1167 1257 1224 1284; x_wconf 89' lang='lat' dir='ltr'>sub</span> <span class='ocrx_word' id='word_1_141' title='bbox 1240 1255 1380 1284; x_wconf 87' lang='lat' dir='ltr'>fluminis</span> <span class='ocrx_word' id='word_1_142' title='bbox 1397 1255 1488 1284; x_wconf 90' lang='lat' dir='ltr'>undis</span> 
     </span>
     <span class='ocr_line' id='line_1_31' title="bbox 696 1304 1576 1342; baseline -0.002 -8"><span class='ocrx_word' id='word_1_143' title='bbox 696 1305 822 1334; x_wconf 87' lang='lat' dir='ltr'>Pumice</span> <span class='ocrx_word' id='word_1_144' title='bbox 839 1311 935 1334; x_wconf 84' lang='lat' dir='ltr'>strata</span> <span class='ocrx_word' id='word_1_145' title='bbox 952 1306 1056 1334; x_wconf 79' lang='lat' dir='ltr'>colunt</span> <span class='ocrx_word' id='word_1_146' title='bbox 1075 1305 1252 1342; x_wconf 80' lang='lat' dir='ltr'>Nymphae,</span> <span class='ocrx_word' id='word_1_147' title='bbox 1270 1305 1426 1333; x_wconf 86' lang='lat' dir='ltr'>ditissima</span> <span class='ocrx_word' id='word_1_148' title='bbox 1442 1304 1576 1341; x_wconf 86' lang='lat' dir='ltr'>gemmis</span> 
     </span>
     <span class='ocr_line' id='line_1_32' title="bbox 695 1353 1570 1393; baseline -0.001 -11"><span class='ocrx_word' id='word_1_149' title='bbox 695 1354 842 1393; x_wconf 79' lang='lat' dir='ltr'>Quaeque</span> <span class='ocrx_word' id='word_1_150' title='bbox 859 1353 975 1383; x_wconf 83' lang='lat' dir='ltr'>fluenta</span> <span class='ocrx_word' id='word_1_151' title='bbox 992 1359 1100 1390; x_wconf 78' lang='lat' dir='ltr'>regunt</span> <span class='ocrx_word' id='word_1_152' title='bbox 1119 1355 1237 1389; x_wconf 84' lang='lat' dir='ltr'>Donae,</span> <span class='ocrx_word' id='word_1_153' title='bbox 1254 1354 1307 1382; x_wconf 84' lang='lat' dir='ltr'>tibi</span> <span class='ocrx_word' id='word_1_154' title='bbox 1325 1363 1419 1390; x_wconf 89' lang='lat' dir='ltr'>seque</span> <span class='ocrx_word' id='word_1_155' title='bbox 1436 1362 1570 1389; x_wconf 86' lang='lat' dir='ltr'>suosque</span> 
     </span>
     <span class='ocr_line' id='line_1_33' title="bbox 696 1402 1456 1438; baseline -0.001 -7"><span class='ocrx_word' id='word_1_156' title='bbox 696 1403 855 1432; x_wconf 86' lang='lat' dir='ltr'>Devovere</span> <span class='ocrx_word' id='word_1_157' title='bbox 872 1404 934 1431; x_wconf 88' lang='lat' dir='ltr'>uni.</span> <span class='ocrx_word' id='word_1_158' title='bbox 979 1404 1093 1432; x_wconf 88' lang='lat' dir='ltr'>Comes</span> <span class='ocrx_word' id='word_1_159' title='bbox 1110 1404 1158 1431; x_wconf 87' lang='lat' dir='ltr'>his</span> <span class='ocrx_word' id='word_1_160' title='bbox 1175 1403 1359 1438; x_wconf 87' lang='lat' dir='ltr'>Abredonia,</span> <span class='ocrx_word' id='word_1_161' title='bbox 1377 1402 1456 1431; x_wconf 90' lang='lat' dir='ltr'>dulci</span> 
     </span>
    </p>

    <p class='ocr_par' dir='ltr' id='par_1_16' title="bbox 699 1451 1461 1489">
     <span class='ocr_line' id='line_1_34' title="bbox 699 1451 1461 1489; baseline -0.003 -9"><span class='ocrx_word' id='word_1_162' title='bbox 699 1452 795 1481; x_wconf 91' lang='lat' dir='ltr'>Dulce</span> <span class='ocrx_word' id='word_1_163' title='bbox 811 1457 864 1480; x_wconf 92' lang='lat' dir='ltr'>tuo</span> <span class='ocrx_word' id='word_1_164' title='bbox 881 1452 1037 1489; x_wconf 82' lang='lat' dir='ltr'>quondam</span> <span class='ocrx_word' id='word_1_165' title='bbox 1055 1451 1186 1487; x_wconf 73' lang='lat' dir='ltr'>genitori</span> <span class='ocrx_word' id='word_1_166' title='bbox 1205 1460 1327 1485; x_wconf 84' lang='lat' dir='ltr'>nomen,</span> <span class='ocrx_word' id='word_1_167' title='bbox 1344 1452 1383 1479; x_wconf 81' lang='lat' dir='ltr'>ab</span> <span class='ocrx_word' id='word_1_168' title='bbox 1399 1459 1461 1479; x_wconf 94' lang='lat' dir='ltr'>uno</span> 
     </span>
    </p>

    <p class='ocr_par' dir='ltr' id='par_1_17' title="bbox 698 1500 1475 1538">
     <span class='ocr_line' id='line_1_35' title="bbox 698 1500 1475 1538; baseline -0.003 -8"><span class='ocrx_word' id='word_1_169' title='bbox 698 1500 743 1530; x_wconf 91' lang='lat' dir='ltr'>Te</span> <span class='ocrx_word' id='word_1_170' title='bbox 760 1502 871 1538; x_wconf 88' lang='lat' dir='ltr'>pendet</span> <span class='ocrx_word' id='word_1_171' title='bbox 887 1511 1053 1538; x_wconf 78' lang='lat' dir='ltr'>regemque</span> <span class='ocrx_word' id='word_1_172' title='bbox 1070 1511 1160 1530; x_wconf 87' lang='lat' dir='ltr'>suum</span> <span class='ocrx_word' id='word_1_173' title='bbox 1178 1506 1207 1530; x_wconf 88' lang='lat' dir='ltr'>te</span> <span class='ocrx_word' id='word_1_174' title='bbox 1224 1500 1353 1538; x_wconf 82' lang='lat' dir='ltr'>suspicit</span> <span class='ocrx_word' id='word_1_175' title='bbox 1369 1510 1475 1529; x_wconf 86' lang='lat' dir='ltr'>unum.</span> 
     </span>
    </p>

    <p class='ocr_par' dir='ltr' id='par_1_18' title="bbox 699 1549 1464 1636">
     <span class='ocr_line' id='line_1_36' title="bbox 699 1549 1400 1587; baseline -0.001 -9"><span class='ocrx_word' id='word_1_176' title='bbox 699 1550 758 1579; x_wconf 91' lang='lat' dir='ltr'>Hic</span> <span class='ocrx_word' id='word_1_177' title='bbox 775 1550 828 1578; x_wconf 86' lang='lat' dir='ltr'>tibi</span> <span class='ocrx_word' id='word_1_178' title='bbox 847 1549 966 1579; x_wconf 88' lang='lat' dir='ltr'>felicem</span> <span class='ocrx_word' id='word_1_179' title='bbox 984 1550 1155 1579; x_wconf 91' lang='lat' dir='ltr'>Concordia</span> <span class='ocrx_word' id='word_1_180' title='bbox 1172 1550 1259 1587; x_wconf 90' lang='lat' dir='ltr'>ponit</span> <span class='ocrx_word' id='word_1_181' title='bbox 1275 1550 1400 1584; x_wconf 81' lang='lat' dir='ltr'>olivam,</span> 
     </span>
     <span class='ocr_line' id='line_1_37' title="bbox 699 1598 1464 1636; baseline -0.001 -9"><span class='ocrx_word' id='word_1_182' title='bbox 699 1599 933 1636; x_wconf 85' lang='lat' dir='ltr'>Unanimesque</span> <span class='ocrx_word' id='word_1_183' title='bbox 951 1599 1032 1628; x_wconf 81' lang='lat' dir='ltr'>fovet</span> <span class='ocrx_word' id='word_1_184' title='bbox 1049 1600 1106 1628; x_wconf 88' lang='lat' dir='ltr'>sub</span> <span class='ocrx_word' id='word_1_185' title='bbox 1122 1599 1222 1628; x_wconf 86' lang='lat' dir='ltr'>amico</span> <span class='ocrx_word' id='word_1_186' title='bbox 1238 1598 1357 1628; x_wconf 80' lang='lat' dir='ltr'>foedere</span> <span class='ocrx_word' id='word_1_187' title='bbox 1372 1598 1464 1632; x_wconf 84' lang='lat' dir='ltr'>cives,</span> 
     </span>
    </p>

    <p class='ocr_par' dir='ltr' id='par_1_19' title="bbox 697 1647 1516 1783">
     <span class='ocr_line' id='line_1_38' title="bbox 697 1647 1516 1685; baseline 0 -9"><span class='ocrx_word' id='word_1_188' title='bbox 697 1648 791 1677; x_wconf 84' lang='lat' dir='ltr'>Festa</span> <span class='ocrx_word' id='word_1_189' title='bbox 807 1648 918 1685; x_wconf 87' lang='lat' dir='ltr'>quibus</span> <span class='ocrx_word' id='word_1_190' title='bbox 935 1649 985 1676; x_wconf 82' lang='lat' dir='ltr'>lux</span> <span class='ocrx_word' id='word_1_191' title='bbox 1002 1648 1060 1676; x_wconf 81' lang='lat' dir='ltr'>ista</span> <span class='ocrx_word' id='word_1_192' title='bbox 1078 1649 1162 1682; x_wconf 84' lang='lat' dir='ltr'>nitet,</span> <span class='ocrx_word' id='word_1_193' title='bbox 1180 1649 1253 1676; x_wconf 91' lang='lat' dir='ltr'>dum</span> <span class='ocrx_word' id='word_1_194' title='bbox 1271 1647 1342 1676; x_wconf 85' lang='lat' dir='ltr'>vina</span> <span class='ocrx_word' id='word_1_195' title='bbox 1358 1652 1516 1682; x_wconf 87' lang='lat' dir='ltr'>coronant,</span> 
     </span>
     <span class='ocr_line' id='line_1_39' title="bbox 699 1696 1488 1733; baseline -0.001 -8"><span class='ocrx_word' id='word_1_196' title='bbox 699 1697 783 1725; x_wconf 90' lang='lat' dir='ltr'>Dum</span> <span class='ocrx_word' id='word_1_197' title='bbox 799 1706 869 1725; x_wconf 86' lang='lat' dir='ltr'>curn</span> <span class='ocrx_word' id='word_1_198' title='bbox 886 1697 1059 1733; x_wconf 75' lang='lat' dir='ltr'>virginibus</span> <span class='ocrx_word' id='word_1_199' title='bbox 1076 1703 1191 1725; x_wconf 85' lang='lat' dir='ltr'>matres</span> <span class='ocrx_word' id='word_1_200' title='bbox 1208 1696 1353 1733; x_wconf 84' lang='lat' dir='ltr'>puerique</span> <span class='ocrx_word' id='word_1_201' title='bbox 1368 1696 1488 1725; x_wconf 85' lang='lat' dir='ltr'>choreis</span> 
     </span>
     <span class='ocr_line' id='line_1_40' title="bbox 697 1745 1462 1783; baseline -0.001 -9"><span class='ocrx_word' id='word_1_202' title='bbox 697 1746 863 1782; x_wconf 82' lang='lat' dir='ltr'>Indulgent</span> <span class='ocrx_word' id='word_1_203' title='bbox 879 1746 985 1783; x_wconf 78' lang='lat' dir='ltr'>agiles,</span> <span class='ocrx_word' id='word_1_204' title='bbox 1004 1746 1163 1782; x_wconf 86' lang='lat' dir='ltr'>tensisque</span> <span class='ocrx_word' id='word_1_205' title='bbox 1179 1746 1216 1774; x_wconf 83' lang='lat' dir='ltr'>ad</span> <span class='ocrx_word' id='word_1_206' title='bbox 1233 1746 1333 1774; x_wconf 89' lang='lat' dir='ltr'>sidera</span> <span class='ocrx_word' id='word_1_207' title='bbox 1350 1745 1462 1782; x_wconf 82' lang='lat' dir='ltr'>palmis</span> 
     </span>
    </p>

    <p class='ocr_par' dir='ltr' id='par_1_20' title="bbox 695 1795 1656 2027">
     <span class='ocr_line' id='line_1_41' title="bbox 698 1795 1535 1832; baseline 0 -9"><span class='ocrx_word' id='word_1_208' title='bbox 698 1795 756 1823; x_wconf 88' lang='lat' dir='ltr'>Pro</span> <span class='ocrx_word' id='word_1_209' title='bbox 772 1800 810 1828; x_wconf 89' lang='lat' dir='ltr'>te,</span> <span class='ocrx_word' id='word_1_210' title='bbox 829 1804 943 1832; x_wconf 85' lang='lat' dir='ltr'>proque</span> <span class='ocrx_word' id='word_1_211' title='bbox 959 1795 1030 1829; x_wconf 84' lang='lat' dir='ltr'>tuis,</span> <span class='ocrx_word' id='word_1_212' title='bbox 1048 1795 1137 1824; x_wconf 86' lang='lat' dir='ltr'>dictis</span> <span class='ocrx_word' id='word_1_213' title='bbox 1153 1795 1202 1823; x_wconf 91' lang='lat' dir='ltr'>his</span> <span class='ocrx_word' id='word_1_214' title='bbox 1218 1795 1343 1824; x_wconf 87' lang='lat' dir='ltr'>aethera</span> <span class='ocrx_word' id='word_1_215' title='bbox 1359 1795 1535 1831; x_wconf 87' lang='lat' dir='ltr'>complent:</span> 
     </span>
     <span class='ocr_line' id='line_1_42' title="bbox 696 1843 1565 1881; baseline -0.001 -9"><span class='ocrx_word' id='word_1_216' title='bbox 696 1845 809 1873; x_wconf 87' lang='lat' dir='ltr'>Sancte</span> <span class='ocrx_word' id='word_1_217' title='bbox 827 1844 917 1872; x_wconf 88' lang='lat' dir='ltr'>Pater</span> <span class='ocrx_word' id='word_1_218' title='bbox 934 1845 1086 1881; x_wconf 75' lang='lat' dir='ltr'>Superum</span> <span class='ocrx_word' id='word_1_219' title='bbox 1104 1844 1229 1872; x_wconf 88' lang='lat' dir='ltr'>meritas</span> <span class='ocrx_word' id='word_1_220' title='bbox 1245 1843 1299 1872; x_wconf 86' lang='lat' dir='ltr'>tibi</span> <span class='ocrx_word' id='word_1_221' title='bbox 1317 1844 1447 1880; x_wconf 86' lang='lat' dir='ltr'>pendere</span> <span class='ocrx_word' id='word_1_222' title='bbox 1463 1849 1565 1880; x_wconf 85' lang='lat' dir='ltr'>grates</span> 
     </span>
     <span class='ocr_line' id='line_1_43' title="bbox 697 1891 1656 1930; baseline -0.002 -9"><span class='ocrx_word' id='word_1_223' title='bbox 697 1893 768 1922; x_wconf 92' lang='lat' dir='ltr'>Non</span> <span class='ocrx_word' id='word_1_224' title='bbox 785 1893 853 1930; x_wconf 87' lang='lat' dir='ltr'>opis</span> <span class='ocrx_word' id='word_1_225' title='bbox 869 1898 915 1922; x_wconf 89' lang='lat' dir='ltr'>est</span> <span class='ocrx_word' id='word_1_226' title='bbox 933 1898 1073 1925; x_wconf 82' lang='lat' dir='ltr'>nostrae;</span> <span class='ocrx_word' id='word_1_227' title='bbox 1098 1892 1226 1920; x_wconf 84' lang='lat' dir='ltr'>fruimur</span> <span class='ocrx_word' id='word_1_228' title='bbox 1241 1893 1321 1929; x_wconf 84' lang='lat' dir='ltr'>quod</span> <span class='ocrx_word' id='word_1_229' title='bbox 1342 1892 1490 1929; x_wconf 86' lang='lat' dir='ltr'>Principe,</span> <span class='ocrx_word' id='word_1_230' title='bbox 1511 1891 1656 1928; x_wconf 89' lang='lat' dir='ltr'>Princeps</span> 
     </span>
     <span class='ocr_line' id='line_1_44' title="bbox 695 1940 1573 1980; baseline -0.001 -11"><span class='ocrx_word' id='word_1_231' title='bbox 695 1942 784 1980; x_wconf 74' lang='lat' dir='ltr'>Quod</span> <span class='ocrx_word' id='word_1_232' title='bbox 802 1941 946 1970; x_wconf 85' lang='lat' dir='ltr'>rutilante</span> <span class='ocrx_word' id='word_1_233' title='bbox 962 1943 1089 1969; x_wconf 71' lang='lat' dir='ltr'>atavum</span> <span class='ocrx_word' id='word_1_234' title='bbox 1107 1941 1281 1970; x_wconf 88' lang='lat' dir='ltr'>diademate</span> <span class='ocrx_word' id='word_1_235' title='bbox 1297 1946 1436 1977; x_wconf 86' lang='lat' dir='ltr'>tempora</span> <span class='ocrx_word' id='word_1_236' title='bbox 1453 1940 1573 1969; x_wconf 88' lang='lat' dir='ltr'>cinctus</span> 
     </span>
     <span class='ocr_line' id='line_1_45' title="bbox 697 1989 1330 2027; baseline 0 -9"><span class='ocrx_word' id='word_1_237' title='bbox 697 1989 819 2019; x_wconf 86' lang='lat' dir='ltr'>Pacifici</span> <span class='ocrx_word' id='word_1_238' title='bbox 837 1990 933 2027; x_wconf 87' lang='lat' dir='ltr'>patris</span> <span class='ocrx_word' id='word_1_239' title='bbox 950 1990 1028 2018; x_wconf 87' lang='lat' dir='ltr'>solio</span> <span class='ocrx_word' id='word_1_240' title='bbox 1044 1990 1091 2018; x_wconf 91' lang='lat' dir='ltr'>ius</span> <span class='ocrx_word' id='word_1_241' title='bbox 1107 1990 1179 2018; x_wconf 91' lang='lat' dir='ltr'>dicit</span> <span class='ocrx_word' id='word_1_242' title='bbox 1195 1990 1233 2018; x_wconf 87' lang='lat' dir='ltr'>ab</span> <span class='ocrx_word' id='word_1_243' title='bbox 1249 1990 1330 2024; x_wconf 89' lang='lat' dir='ltr'>alto;</span> 
     </span>
    </p>

    <p class='ocr_par' dir='ltr' id='par_1_21' title="bbox 694 2038 1554 2173">
     <span class='ocr_line' id='line_1_46' title="bbox 694 2038 1477 2077; baseline -0.001 -10"><span class='ocrx_word' id='word_1_244' title='bbox 694 2039 784 2077; x_wconf 82' lang='lat' dir='ltr'>Quod</span> <span class='ocrx_word' id='word_1_245' title='bbox 801 2039 930 2076; x_wconf 90' lang='lat' dir='ltr'>placidis</span> <span class='ocrx_word' id='word_1_246' title='bbox 947 2044 1067 2075; x_wconf 81' lang='lat' dir='ltr'>sperata</span> <span class='ocrx_word' id='word_1_247' title='bbox 1083 2039 1170 2076; x_wconf 90' lang='lat' dir='ltr'>quies</span> <span class='ocrx_word' id='word_1_248' title='bbox 1188 2049 1244 2068; x_wconf 88' lang='lat' dir='ltr'>nos</span> <span class='ocrx_word' id='word_1_249' title='bbox 1262 2039 1394 2076; x_wconf 81' lang='lat' dir='ltr'>protegit</span> <span class='ocrx_word' id='word_1_250' title='bbox 1410 2038 1477 2072; x_wconf 84' lang='lat' dir='ltr'>alis,</span> 
     </span>
     <span class='ocr_line' id='line_1_47' title="bbox 697 2087 1554 2116; baseline -0.001 -1"><span class='ocrx_word' id='word_1_251' title='bbox 697 2087 836 2116; x_wconf 89' lang='lat' dir='ltr'>Muneris</span> <span class='ocrx_word' id='word_1_252' title='bbox 852 2096 944 2116; x_wconf 89' lang='lat' dir='ltr'>omne</span> <span class='ocrx_word' id='word_1_253' title='bbox 961 2087 1004 2116; x_wconf 88' lang='lat' dir='ltr'>tui</span> <span class='ocrx_word' id='word_1_254' title='bbox 1020 2093 1076 2116; x_wconf 83' lang='lat' dir='ltr'>est.</span> <span class='ocrx_word' id='word_1_255' title='bbox 1121 2087 1240 2116; x_wconf 84' lang='lat' dir='ltr'>Aevum</span> <span class='ocrx_word' id='word_1_256' title='bbox 1257 2088 1296 2115; x_wconf 87' lang='lat' dir='ltr'>da</span> <span class='ocrx_word' id='word_1_257' title='bbox 1312 2088 1400 2115; x_wconf 87' lang='lat' dir='ltr'>duret</span> <span class='ocrx_word' id='word_1_258' title='bbox 1416 2087 1446 2114; x_wconf 89' lang='lat' dir='ltr'>in</span> <span class='ocrx_word' id='word_1_259' title='bbox 1462 2095 1554 2115; x_wconf 89' lang='lat' dir='ltr'>omne</span> 
     </span>
     <span class='ocr_line' id='line_1_48' title="bbox 699 2136 1495 2173; baseline -0.001 -9"><span class='ocrx_word' id='word_1_260' title='bbox 699 2136 773 2165; x_wconf 89' lang='lat' dir='ltr'>Sors</span> <span class='ocrx_word' id='word_1_261' title='bbox 790 2136 876 2170; x_wconf 88' lang='lat' dir='ltr'>haec,</span> <span class='ocrx_word' id='word_1_262' title='bbox 893 2136 974 2164; x_wconf 90' lang='lat' dir='ltr'>alme</span> <span class='ocrx_word' id='word_1_263' title='bbox 992 2136 1117 2170; x_wconf 63' lang='lat' dir='ltr'>Parem,</span> <span class='ocrx_word' id='word_1_264' title='bbox 1134 2141 1164 2165; x_wconf 90' lang='lat' dir='ltr'>et</span> <span class='ocrx_word' id='word_1_265' title='bbox 1181 2145 1233 2173; x_wconf 89' lang='lat' dir='ltr'>per</span> <span class='ocrx_word' id='word_1_266' title='bbox 1249 2136 1381 2173; x_wconf 85' lang='lat' dir='ltr'>vestigia</span> <span class='ocrx_word' id='word_1_267' title='bbox 1399 2141 1495 2164; x_wconf 88' lang='lat' dir='ltr'>terras</span> 
     </span>
    </p>
   </div>
  </div>
 </body>
</html>
