1883 2730
460 209 496 239 16

456 353 488 381 Ι5

452 597 488 616 20

450 1085 487 1113 30

451 1330 487 1358 35

451 1576 489 1603 40

450 1820 486 1848 45

450 2063 488 2090 50

842 212 938 238 MUSA
964 212 1103 236 LATINA
1128 209 1421 235 ABERDONENSIS.

777 293 876 322 Civile
893 293 1051 330 ingenium
1069 298 1160 330 atque
1177 289 1407 320 amoenitatem.

778 342 813 370 In
830 342 925 378 queis,
943 347 1075 379 quatuor
1090 339 1273 370 eruditionis

774 391 862 419 Iusto
877 392 1027 426 examine,
1045 390 1199 419 suavitate
1215 396 1345 422 morum,

775 440 894 469 Lucent
910 449 982 477 prae
999 439 1140 476 reliquis;
1165 442 1309 473 tenetque
1326 435 1441 472 primas

776 489 895 518 Horum
914 489 1031 526 primus
1048 489 1077 516 in
1095 489 1177 521 urbe,
1195 496 1256 515 non
1274 486 1304 513 in
1321 485 1404 518 urbe,

773 538 808 566 In
825 548 919 575 regno
935 543 1017 567 tenet
1035 538 1083 566 ille
1100 546 1196 574 paene
1212 535 1337 572 primas.

777 588 837 616 Seu
855 587 954 616 fundit
971 597 1057 616 sacra
1074 587 1165 614 mella
1183 585 1365 616 litterarum,

775 636 834 664 Seu
853 641 970 673 spectat
987 635 1105 673 placida
1121 644 1192 663 aure
1207 633 1417 665 consulentes,

777 685 837 714 Seu
855 685 1006 714 discordia
1022 685 1113 713 corda
1130 694 1203 720 pace
1220 681 1331 717 iungit,

776 734 835 762 Seu
853 739 936 762 taxat
954 734 1033 762 male
1049 733 1193 769 cogitata,
1211 731 1301 763 dicta,

775 782 877 817 Facta,
895 788 979 810 taxat
995 787 1027 810 ut
1046 781 1156 813 hostis,
1172 785 1264 816 atque
1281 778 1410 812 amicus,

773 831 849 859 Vere
865 831 1038 868 episcopus,
1056 840 1116 864 ore,
1134 839 1228 863 more,
1245 837 1359 856 amore.

774 880 857 908 Alter
873 890 926 917 par
943 881 1062 912 studiis,
1080 880 1232 916 modoque
1250 877 1339 911 vitae,

774 929 877 957 Censu
894 929 1052 966 posterior,
1069 929 1146 960 loco,
1163 928 1330 963 graduque.

772 977 892 1006 Affectu
910 977 1035 1013 gemino
1051 977 1187 1009 trahunt,
1204 975 1369 1004 trahuntur

771 1026 817 1054 Ad
834 1027 936 1055 coelos
953 1026 1002 1054 ubi
1020 1025 1177 1054 mentibus
1194 1028 1362 1057 morantur,

772 1075 946 1112 Mystisque
962 1075 1107 1103 omnibus
1123 1075 1153 1102 hi
1170 1075 1230 1102 (luo
1247 1073 1444 1105 antecedunt,

772 1126 930 1162 Quantum
949 1125 1024 1161 ipsis
1042 1124 1097 1152 sibi
1114 1130 1143 1152 et
1160 1123 1231 1151 hinc
1247 1128 1277 1151 et
1294 1122 1364 1150 inde
1379 1122 1501 1150 cedunt.

774 1174 869 1202 Adest
887 1173 994 1202 tertius
1011 1174 1104 1210 alpha
1121 1173 1291 1201 doctiorum

776 1222 940 1250 Antistans
957 1222 1031 1250 mihi
1050 1222 1188 1250 millibus
1204 1220 1359 1254 trecentis,

775 1272 874 1309 Quem
894 1280 954 1308 per,
973 1272 1047 1300 hacc
1066 1270 1205 1299 Borealis
1221 1271 1399 1305 elegantssm

776 1320 845 1348 Stat
864 1320 1048 1357 Respublica
1065 1320 1140 1348 fulta
1158 1320 1345 1348 litterarum:

775 1370 830 1398 Cui
849 1376 892 1398 tot
912 1370 1055 1398 Phoebus
1072 1370 1182 1406 Apollo
1200 1375 1280 1398 serta
1297 1369 1397 1402 debet,

773 1420 855 1456 Quot
872 1419 957 1447 duxit
975 1419 1101 1448 iuvenes
1117 1419 1155 1447 ad
1171 1419 1234 1446 alta
1252 1417 1351 1446 Pindi.

773 1469 911 1506 Quartus
928 1468 952 1496 si
970 1469 1134 1496 admoveat
1152 1476 1291 1500 manum,
1308 1466 1423 1503 putabo

775 1518 863 1546 Brevi
881 1517 1035 1554 sepositos
1052 1527 1138 1546 meos
1156 1517 1324 1545 Britannos

774 1566 878 1598 Vobis,
897 1566 1016 1599 Parisii,
1034 1566 1060 1594 O
1076 1566 1170 1594 ocelle
1188 1565 1305 1599 mundi,

775 1615 928 1643 Missuros
946 1615 1054 1643 iterum
1071 1614 1284 1643 eruditionem.

775 1665 823 1692 Ob
839 1664 896 1692 lios
913 1664 982 1700 plus
998 1663 1094 1692 oculis
1112 1663 1190 1692 meis
1206 1668 1236 1692 te
1251 1662 1373 1696 amabo,

773 1714 800 1741 Ο
819 1713 956 1747 Devana,
974 1712 1175 1741 resuscitatae
1192 1712 1342 1745 Athenae,

774 1762 898 1798 Septem
916 1761 1011 1797 gloria
1028 1761 1137 1789 civitas
1154 1761 1299 1793 trionum,

776 1811 836 1838 Seu
853 1820 901 1838 me
918 1810 1018 1839 nobile
1037 1810 1179 1845 Belgium
1197 1809 1322 1843 tenebit,

774 1860 834 1887 Seu
853 1859 1020 1888 Germania
1037 1859 1140 1895 imago
1156 1859 1302 1890 caritatis.

775 1910 834 1937 Seu
851 1909 931 1936 altae
949 1908 1069 1937 moenia
1088 1914 1150 1936 tam
1169 1908 1298 1945 superba
1317 1908 1443 1942 Romae,

774 1957 835 1985 Seu
853 1957 962 1985 Gallus
979 1962 1064 1993 pater
1081 1956 1314 1993 hospitalitatis,

775 2006 835 2034 Seu
852 2005 900 2033 dia
918 2006 1029 2041 Anglia
1047 2012 1131 2042 pater
1147 2006 1339 2042 angelorum,

773 2054 842 2092 Quo
858 2063 907 2082 me
924 2053 985 2082 sata
1002 2055 1137 2087 trahunt,
1154 2063 1318 2090 precorque
1335 2053 1456 2082 sistant.

774 2103 813 2131 Et
830 2102 1014 2132 desiderium
1032 2103 1074 2131 tui
1092 2108 1154 2131 tam
1171 2103 1313 2131 acerbum

773 2152 855 2180 Dent
871 2161 964 2187 aegro
980 2151 1054 2180 mihi
1072 2151 1145 2180 serre
1163 2161 1223 2180 non
1241 2151 1355 2180 acerbe.
