1883 2730
482 195 549 234 406

483 343 518 371 45

483 588 520 615 50

481 835 515 863 55

481 1075 518 1098 (³0

480 1319 514 1352 05

883 206 978 230 MUSA
1003 207 1139 231 LATINA
1165 207 1445 232 ABERDONENSIS.

727 286 842 315 Oceani
859 287 1007 316 conclusa
1023 288 1093 316 sinu
1110 287 1254 317 diffundit
1271 289 1308 316 ab
1325 293 1431 318 austro

727 335 830 364 Littus
847 336 884 364 ad
900 336 1047 365 Arctoum
1064 342 1093 366 et
1109 347 1295 374 quacunque
1311 337 1439 374 affulget
1456 338 1564 367 lernae

726 384 778 413 Sol
796 385 880 421 prius
899 385 1060 422 Hesperiis
1075 396 1168 423 quam
1187 387 1337 424 mergitur
1353 387 1495 424 aequoris
1512 388 1624 419 undis:

726 433 798 461 Non
815 438 920 462 tamen
938 434 1043 463 hostili
1059 440 1222 471 grassatus
1240 445 1324 464 more
1340 436 1462 472 quietas

726 482 899 511 Sollicitare
914 484 1010 511 armis
1026 489 1135 521 gentes
1151 485 1330 521 facibusque
1347 486 1483 522 parabat.

725 531 785 559 Sed
803 532 895 560 sortis
912 542 1031 562 memor
1048 543 1145 570 usque
1162 543 1237 562 suae
1253 543 1286 562 se
1303 543 1377 571 pace
1394 535 1528 571 tegebat,

725 580 880 617 Spemque
898 582 954 610 sibi
971 582 1054 611 haud
1070 583 1195 611 dubiam
1214 583 1357 612 firmabat
1375 589 1495 620 pectore
1511 589 1601 613 certo.

725 628 792 657 Nec
809 628 929 659 frustra.
974 631 1021 659 Ad
1038 632 1127 660 sedes
1144 632 1275 660 simulac
1292 634 1420 661 secessit
1438 633 1525 662 Elisa

726 678 914 714 Indigetum,
934 689 1072 716 proceres
1089 690 1200 710 omnes
1217 691 1295 717 quos
1312 681 1426 717 Anglia
1443 688 1562 718 spectat

731 727 825 755 Hunc
841 737 937 756 unum
957 729 1190 766 Dominumque
1207 739 1298 758 suum
1318 730 1498 767 Regemque
1515 732 1662 760 salutant.

724 776 825 812 Atque
842 777 884 805 ita
902 787 962 806 non
982 778 1068 812 serm,
1087 787 1148 806 non
1166 778 1292 808 flamma
1310 785 1398 816 parta
1415 785 1460 808 tot
1478 780 1529 808 uni

725 826 833 863 Regna
850 826 901 861 illi,
919 827 972 855 sed
988 837 1093 856 amore
1110 827 1177 864 ipso
1193 833 1221 856 et
1239 828 1413 857 munimine
1429 829 1514 857 iuris.

763 875 852 913 Quod
870 876 894 903 si
912 875 1016 904 virtuti
1034 877 1139 904 deceat
1156 877 1337 906 submittere
1354 877 1462 912 fasces,

725 923 764 952 Et
781 924 828 952 ius
845 924 963 960 imperii
980 925 1122 954 meritum
1140 931 1198 960 est,
1218 926 1277 954 Hic
1294 927 1450 954 maximus
1466 927 1525 960 ille,

725 972 784 1001 Hic
803 973 949 1010 Princeps
966 983 1046 1001 unus
1063 980 1150 1002 tanto
1167 975 1380 1003 moderamine
1396 976 1518 1011 dignus.

765 1022 836 1050 Non
853 1031 911 1058 ego
928 1032 1089 1058 pressurus
1104 1031 1210 1051 vatum
1228 1023 1361 1060 vestigia
1378 1023 1466 1052 fictas

723 1071 903 1107 Assignabo
920 1072 961 1099 illi
980 1072 1095 1106 laudes,
1114 1082 1191 1108 quas
1207 1073 1334 1101 conscia
1350 1074 1412 1102 veri

724 1120 822 1148 Fama
839 1121 1027 1157 redarguerit
1045 1121 1130 1150 nullo
1148 1123 1249 1150 iucata
1265 1122 1376 1151 colore.

723 1170 801 1198 Vera
819 1169 877 1198 side
894 1176 1059 1206 praeeunte
1075 1179 1195 1203 canam,
1213 1180 1291 1207 quae
1308 1172 1431 1200 saecula
1449 1172 1571 1201 firment

723 1218 848 1253 Nostra,
868 1218 937 1247 licet
954 1219 1030 1247 seris
1048 1219 1188 1248 miranda
1206 1220 1371 1256 nepotibus
1387 1221 1471 1250 olim.

724 1267 789 1296 Nec
807 1277 938 1304 proavos
955 1269 1134 1297 memorabo
1150 1268 1220 1297 illos
1235 1279 1314 1305 quos
1332 1270 1436 1298 Scotia
1454 1270 1527 1300 fovit

724 1316 780 1344 Per
796 1316 843 1344 bis
860 1317 942 1345 mille
959 1327 1069 1351 annos,
1086 1327 1165 1354 quos
1182 1319 1296 1355 Anglia
1313 1320 1448 1356 protulit,
1465 1326 1518 1348 aut
1535 1329 1612 1357 quos

723 1365 825 1393 Gallia
841 1366 1027 1394 Guisiadtmi
1044 1367 1126 1395 claro
1142 1368 1178 1396 de
1195 1368 1349 1404 sanguine
1366 1368 1452 1398 fudit.

724 1415 806 1444 Nota
823 1426 857 1444 ea
876 1422 1039 1453 praetereo,
1058 1417 1202 1453 quamvis
1219 1427 1254 1446 ea
1271 1418 1416 1453 maxima,
1433 1419 1527 1447 tellus

723 1465 769 1492 Illi
787 1466 866 1501 quod
884 1466 1003 1494 nullum
1021 1466 1114 1503 regali
1131 1476 1146 1494 e
1163 1471 1330 1496 stemmata
1347 1473 1462 1496 cretum

723 1515 895 1543 Nobilitate
911 1525 1014 1551 parem
1031 1516 1156 1545 dederit.
1202 1516 1284 1554 Quin
1302 1517 1386 1546 mille
1402 1517 1515 1554 pericla

724 1564 816 1592 Haud
834 1573 980 1595 memoro.
997 1574 1075 1600 quae
1092 1565 1188 1593 lustra
1206 1565 1248 1593 illi
1265 1566 1406 1594 duodena
1422 1571 1572 1602 crearunt,

724 1612 763 1641 Et
780 1614 893 1649 quibus
910 1613 968 1647 ille,
987 1614 1072 1648 eheu,
1091 1616 1167 1642 teri-st
1185 1614 1317 1642 iactatus
1333 1620 1363 1642 et
1379 1615 1451 1644 alto.

723 1662 800 1690 Fata
817 1668 927 1698 regunt
944 1668 1058 1691 sortem
1076 1663 1165 1697 hanc,
1182 1662 1245 1691 fata
1261 1663 1309 1692 hic
1326 1664 1527 1692 dominantur
1541 1670 1571 1693 et
1587 1670 1671 1694 astra

721 1710 830 1747 Tuque
845 1712 871 1739 O
889 1711 938 1747 qui
957 1710 1028 1739 satis
1045 1711 1208 1739 hominum
1225 1711 1396 1740 dominaris
1412 1718 1441 1741 et
1457 1713 1559 1742 astris.

765 1760 907 1789 Iustitiae
925 1760 1026 1796 potius
1043 1760 1145 1795 miror,
1163 1769 1242 1796 quae
1257 1759 1360 1789 floruit
1377 1761 1445 1797 ipso

725 1808 874 1845 Principe.
894 1809 975 1837 Nam
995 1809 1112 1846 priscos
1131 1809 1241 1838 Scotos
1258 1815 1444 1846 spectemus
1461 1816 1490 1838 et
1508 1810 1576 1838 illas

725 1858 879 1886 Hebridas
895 1858 1022 1886 occiduo
1038 1857 1167 1886 diffusas
1183 1858 1318 1894 undique
1334 1864 1438 1895 ponto,

722 1907 762 1935 Et
777 1907 891 1936 crebris
909 1907 1039 1936 Boream
1057 1916 1165 1935 versus
1182 1906 1259 1936 freta
1275 1907 1397 1936 consita
1413 1907 1512 1937 terris.

721 1956 809 1993 Quae
826 1955 966 1984 lanienae
984 1955 1045 1984 illic
1063 1955 1148 1984 Deus
1165 1955 1211 1984 O!
1236 1965 1315 1991 quae
1332 1961 1472 1984 monstra
1489 1956 1639 1985 ferarum!

720 2005 807 2042 Quae
824 2009 965 2041 portenta
981 2004 1144 2033 hominum
1162 2004 1228 2033 solo
1244 2004 1380 2033 viventia
1398 2006 1502 2042 rapto!

722 2054 808 2091 Quas
826 2053 916 2082 struit
934 2053 1063 2082 insidias
1079 2053 1202 2090 capitali
1221 2053 1325 2082 fraude
1341 2054 1459 2090 parenti

721 2101 828 2136 Filius,
845 2107 874 2130 et
892 2101 975 2130 fratri
994 2101 1094 2137 frater,
1112 2102 1286 2138 coniuxque
1303 2103 1435 2131 marito!

719 2151 868 2188 Quaeque
883 2161 901 2179 a
919 2151 1081 2180 Scotorum
1098 2151 1281 2188 dispescunt
1299 2151 1413 2180 finibus
1430 2152 1560 2189 Anglos,
