1883 2730
444 220 503 242 100

444 1006 478 1025 10

448 1249 478 1276 15

447 1494 483 1512 20

826 215 924 240 MUSA
949 214 1089 239 LATINA
1113 212 1408 238 ABERDONENSIS.

651 297 698 328 IN
725 296 996 328 PATRICIUM
1023 295 1302 327 FORBESIUM
1330 292 1607 325 EPICEDIUM.

936 379 1049 410 [Forbes'
1063 378 1196 405 Funcrals,
1212 379 1293 408 1635]

685 455 716 484 Si
733 463 834 492 genus
850 453 1007 490 anquiras,
1025 454 1115 482 heros
1133 452 1348 486 Cotharisius;
1370 456 1452 479 artes

724 504 757 532 Si
774 509 906 537 teneras,
923 511 979 531 nec
995 503 1067 530 dum
1085 501 1207 530 conscia
1225 501 1319 529 Glota
1336 500 1424 533 silet;

683 553 812 592 Quaque
829 551 1017 580 Caledoniae
1035 551 1150 578 iactant
1167 560 1199 578 se
1216 550 1279 578 iure
1296 549 1464 582 Camenae,

726 601 857 638 Regulia
873 600 945 628 hine
960 599 1068 628 titulos
1084 604 1207 635 arrogat
1224 599 1291 635 ipsa
1307 607 1415 626 novos⁴

686 651 729 680 Ut
745 651 838 678 decus
853 649 972 678 Aoniae
989 649 1122 682 iuvenis,
1141 649 1184 676 sic
1201 648 1298 684 prima
1315 651 1444 675 senatus

730 699 845 733 Gloria,
863 698 906 727 sic
922 698 1032 726 mitrae
1047 697 1144 733 gloria
1161 697 1259 733 prima
1276 705 1380 725 senex.

685 749 750 777 Nec
766 748 867 776 media
883 747 997 775 ablusit
1013 746 1128 775 teneris
1145 745 1272 774 seniove
1288 744 1433 773 iuventa:

724 797 890 826 Constanti
908 805 1029 832 semper
1045 795 1168 824 tramite
1184 794 1279 823 crevit
1295 794 1405 822 honos.

1069 875 1179 905 Aliud.

685 944 807 972 Eximia
823 943 972 972 eximium
991 941 1123 971 referant
1142 941 1166 969 si
1185 941 1326 978 symbola
1343 945 1461 977 pectus,

726 994 818 1022 Unus
836 991 1004 1021 Forbesius
1023 990 1147 1027 singula
1164 995 1280 1027 puncta
1295 989 1375 1018 tulit.

685 1042 798 1070 Fronte
815 1040 985 1077 refulgebat
1001 1050 1070 1069 cum
1089 1039 1253 1068 maiestate
1270 1039 1404 1067 verenda

724 1091 873 1119 Alliciens
889 1089 1012 1117 animos
1028 1088 1126 1117 comis
1143 1087 1330 1116 amabilitas.

686 1140 767 1168 Illita
785 1139 913 1168 sacratis
930 1138 1093 1166 fluitabant
1111 1138 1203 1166 verba
1219 1137 1338 1166 labellis

726 1189 866 1222 Nectare,
883 1194 911 1216 et
928 1193 1054 1224 accepto
1071 1187 1203 1224 pondere
1220 1186 1301 1215 dicta
1317 1186 1418 1216 dabat.

687 1237 798 1266 Incidit
814 1237 935 1265 obscuri
953 1237 977 1264 si
995 1236 1119 1273 quando
1136 1235 1249 1272 pagina
1266 1235 1342 1269 libri,

727 1286 891 1322 Interpres,
909 1285 1030 1319 mirum,
1048 1285 1137 1314 lectio
1154 1285 1236 1313 nuda
1252 1283 1318 1314 fuit.

688 1335 845 1364 Interioris
861 1340 947 1363 erant
964 1339 996 1362 ut
1014 1339 1134 1371 pectora
1150 1334 1269 1362 condus
1285 1333 1434 1368 Atlienes,

728 1384 842 1412 Dexter
858 1383 965 1420 lingua
981 1382 1077 1410 animi
1095 1382 1138 1410 sic
1154 1391 1276 1419 quoque
1293 1390 1420 1418 promus
1436 1389 1539 1417 opum,

686 1434 773 1471 Quae
790 1433 869 1460 bona
886 1441 1007 1468 cunque
1023 1431 1088 1459 viro
1105 1431 1234 1465 fuerant,
1252 1440 1330 1467 quae
1347 1429 1488 1467 praesule
1504 1429 1608 1466 digna,

731 1481 793 1510 Uni
810 1486 921 1509 cuncta
938 1481 999 1518 poli
1015 1481 1121 1509 cedere
1137 1489 1208 1509 cura
1227 1479 1292 1509 fuit.

1070 1562 1094 1589 A
1103 1561 1180 1590 liud.

692 1629 805 1657 Lustra
821 1629 926 1656 decem
944 1637 1097 1664 supraque
1113 1627 1218 1655 decem
1237 1631 1366 1663 septena
1383 1625 1509 1662 peregit,

732 1678 846 1712 Mente,
865 1687 968 1711 manu,
985 1677 1116 1710 calamo,
1134 1675 1327 1712 consilioque
1343 1680 1473 1712 potens;

690 1727 781 1765 Quod
798 1726 823 1754 si
841 1735 894 1762 pro
911 1725 1028 1754 meritis
1044 1725 1155 1754 cedant
1172 1724 1339 1753 virtutibus
1355 1723 1439 1758 anni,

733 1775 847 1804 Debuit
863 1775 1044 1802 innumeros
1059 1773 1216 1802 evoluisse
1231 1773 1307 1802 dies.

936 1822 1191 1859 Izfflagitantibus
1207 1821 1246 1856 id,
1263 1826 1292 1850 et
1307 1821 1403 1850 divini
1421 1821 1476 1849 viri
1495 1820 1614 1850 meritis
1636 1824 1805 1856 nostroque

980 1871 1089 1905 officio,
1108 1871 1284 1900 fundebam.

937 1920 1089 1948 Patricius
1115 1919 1307 1956 Jamisonus,
1334 1918 1553 1955 Philosophiae
1584 1917 1746 1954 Magister,
1776 1921 1806 1945 et

976 1969 1032 1998 SS.
1051 1969 1159 1998 Theol.
1179 1968 1356 2002 Studiosus‚
1374 1968 1404 1996 in
1421 1968 1514 1996 Acad.
1532 1965 1765 1996 Abredoniensi.

515 2061 562 2082 24.
583 2052 712 2076 Educated
731 2056 758 2076 at
777 2051 901 2082 Glasgow
920 2050 997 2074 under
1018 2049 1125 2072 Andrew
1151 2049 1270 2077 Melville,
1290 2048 1339 2072 and
1362 2053 1389 2072 at
1407 2049 1443 2072 St.
1463 2048 1594 2072 Andrews.

451 2095 646 2122 Universitates‚
667 2093 920 2124 Andreapolstanarn,
945 2092 1137 2116 Glascuensem.
1162 2090 1254 2121 quibus
1277 2089 1352 2113 hodic
1373 2095 1460 2113 tantae
1477 2089 1622 2113 eruditionis
1644 2088 1723 2119 prima
1742 2087 1808 2110 rudi-

450 2140 534 2159 menta
558 2135 589 2158 ad
612 2135 792 2165 sempiternam
813 2138 922 2156 vestram
947 2132 1053 2163 gloriam
1078 2131 1235 2155 devoventur
1249 2131 1262 2141 '¹
1287 2130 1386 2160 (Oratio
1406 2129 1536 2158 waebrr's,
1557 2130 1589 2160 by
1608 2128 1691 2152 David
1714 2128 1806 2156 Leech,

451 2176 650 2206 Sul>PrincnpaL
669 2174 810 2202 Aberdeen,
830 2175 873 2204 9th
892 2173 970 2204 April,
991 2173 1070 2202 1635).

1635 2047 1750 2070 “Testor
1762 2053 1808 2070 vos
