1883 2730
137 1665 282 1694 Cnutabssg.

141 1861 236 1883 Crocus

140 1909 265 1932 Oxoniuiii

439 586 476 612 30

441 1076 478 1101 40

441 1319 476 1348 45

445 1569 481 1596 50

447 1813 481 1840 55

448 2050 486 2075 60

818 201 914 224 MUsA
940 200 1078 224 LATINA
1103 197 1397 222 ABERDONENSIS.

759 281 825 309 Illic
841 281 959 318 pulpita
977 279 1118 316 Lipsium
1136 279 1311 314 loquentur,

760 330 959 366 Reddentque
976 328 1057 356 illius
1073 337 1146 356 ossa
1162 333 1191 356 te
1207 327 1402 363 eloquentem
1417 333 1423 357 ;

758 378 819 416 Qui
836 378 926 406 vivus
943 377 1044 405 docuit
1060 375 1238 404 disertiores

760 427 817 455 Est
833 427 893 455 iam
911 425 1054 454 materies
1070 425 1274 453 disertiorum.

761 477 792 504 Si
809 476 933 504 tandem
951 475 1053 503 iubeat
1069 479 1098 502 te
1113 473 1196 501 adire
1213 473 1330 506 Gallos,

760 526 798 561 (O
816 524 1002 552 suavissima
1018 528 1095 551 terra
1113 522 1307 559 Galliarum),

762 573 793 601 Si
810 579 913 602 tamen
931 573 1033 601 iubeat
1050 578 1077 600 te
1094 571 1176 599 adire
1195 570 1304 599 Gallos

760 623 821 650 Aut
838 622 930 657 fania,
947 627 1000 650 aut
1016 621 1101 650 favor
1117 619 1308 653 eruditionis,

761 672 884 708 Quaeso
901 670 1014 698 videris
1029 680 1045 698 e
1062 669 1111 698 via
1129 669 1281 697 Duaeuin.

763 719 844 748 Hinc
860 725 889 748 te
908 719 1044 747 Parisios
1060 728 1147 755 agas,
1166 723 1197 745 ut
1213 726 1325 745 omnes

763 769 896 797 Iunctini
914 768 1067 805 Apollinis
1084 767 1209 795 haurias
1225 766 1369 802 liquores.

764 817 794 846 Si
812 817 895 846 venti
913 822 1090 854 paterentur
1105 816 1176 844 hinc
1193 819 1351 847 vocantes,

762 867 794 895 Si
812 867 871 894 iarn
889 866 1016 894 carbasa
1032 870 1120 894 tensa
1137 874 1197 892 non
1215 868 1378 897 tumerent,

767 916 793 944 O
810 925 902 952 quam
921 914 1057 943 Parisios
1072 915 1110 942 ad
1126 920 1208 942 astra
1226 912 1332 942 ferrem
1347 913 1352 941 l

766 965 854 993 Unos
873 963 1008 992 Parisios
1023 963 1060 991 ad
1077 968 1160 991 astra
1177 962 1296 991 serrem.

765 1015 823 1042 Sed
842 1013 902 1042 sors
920 1013 1060 1041 laudibus
1076 1024 1093 1040 a
1111 1013 1240 1040 Marone
1257 1011 1378 1048 scriptis

763 1064 891 1100 CaptuS‚
911 1062 1032 1090 ltaliam
1051 1062 1151 1090 videre
1169 1070 1267 1090 curaS.

763 1112 861 1145 Lessi,
880 1111 976 1139 mulla
994 1111 1086 1139 habet
1102 1111 1159 1138 lioc
1177 1111 1232 1138 iter
1248 1110 1414 1144 monenda,

763 1161 816 1188 Cis
832 1160 966 1196 citraque
985 1159 1087 1188 nivem
1104 1159 1229 1195 Alpium
1247 1164 1414 1195 potentem.

763 1211 821 1238 Sed
839 1219 886 1238 mc
906 1209 1031 1237 Parisiis
1047 1214 1153 1237 tenent
1168 1208 1270 1242 amici,

765 1259 884 1286 Tenent
904 1257 1010 1285 Parisii
1029 1267 1115 1286 meos
1131 1257 1260 1291 amicos,

771 1309 808 1336 lit
827 1317 874 1335 nie
892 1306 1000 1334 Parisii
1018 1307 1096 1335 meis
1111 1316 1180 1334 cuin
1198 1306 1317 1335 amicis.

766 1357 848 1393 Ergo
867 1355 993 1385 Parisiis
1010 1356 1069 1384 redi
1087 1356 1124 1384 ad
1142 1360 1278 1384 remotos

764 1407 790 1434 A
807 1407 923 1434 inundo
938 1408 1034 1434 altero
1050 1405 1086 1433 ad
1103 1405 1233 1432 alterum
1253 1404 1431 1432 Britannos.

768 1455 826 1483 Hic
844 1455 948 1491 regina
965 1454 1120 1490 marisque
1136 1459 1165 1482 et
1183 1453 1365 1486 insularum,

767 1504 863 1532 Altrix
882 1504 994 1539 Anglia
1013 1503 1097 1540 pacis
1114 1507 1206 1539 atque
1223 1501 1303 1536 belli,

767 1554 914 1591 Quaeque
932 1562 986 1581 nec
1003 1553 1090 1580 timet
1107 1561 1191 1580 arma
1209 1560 1264 1580 nec
1281 1550 1425 1579 minatur.

768 1603 853 1631 Haec
870 1602 940 1630 talis
957 1607 986 1630 te
1002 1601 1119 1638 aliquot
1136 1600 1255 1629 docebit
1271 1600 1372 1633 annis,

768 1653 828 1680 Seu
845 1651 929 1679 colas
946 1651 995 1679 ubi
1013 1650 1098 1678 fossa
1115 1650 1335 1684 Vandalorum‚

768 1702 838 1739 Quo
855 1700 938 1728 misit
957 1700 1074 1728 Probus
1091 1699 1248 1735 improbos
1263 1698 1399 1726 colonos.

770 1750 860 1778 Nunc
877 1754 1006 1784 regnant
1024 1758 1110 1777 saera
1127 1753 1234 1776 sancta
1251 1747 1418 1779 literarum,

769 1799 808 1826 Et
825 1797 969 1826 flaventia
987 1807 1073 1825 serus
1089 1806 1161 1824 arva
1179 1795 1271 1832 tingit

770 1847 851 1882 Flos,
868 1847 918 1883 qui
936 1846 1030 1874 vineit
1046 1847 1137 1874 odore
1154 1846 1237 1874 mille
1253 1844 1392 1873 Tmolos

771 1897 831 1924 Seu
848 1896 935 1923 vix-as
952 1895 1001 1923 ubi
1019 1895 1124 1924 doctor
1141 1895 1190 1923 ille
1206 1899 1330 1923 nostras

771 1944 880 1973 Subtili
899 1944 1013 1980 peperit
1030 1944 1174 1972 volumen
1193 1948 1266 1978 arte,

769 1994 859 2031 Quod
876 1994 1021 2022 volumen
1037 1993 1075 2020 ab
1091 1992 1249 2021 occidente
1267 1992 1330 2020 sole

770 2043 815 2071 Ad
833 2043 907 2070 solis
924 2047 1061 2079 penetrat
1077 2041 1216 2070 rubentis
1232 2046 1344 2069 ortum.

771 2091 830 2119 Hic
846 2100 952 2118 musea
970 2090 1101 2126 superba
1116 2090 1153 2117 ad
1170 2093 1253 2117 astra
1270 2092 1412 2125 surgunt,

771 2140 944 2168 Gloriosius
960 2139 1008 2167 hic
1025 2139 1136 2175 Apollo
1152 2137 1246 2174 (legit,
