1903 2724
91 447 125 475 95

95 693 149 712 100

96 939 148 968 105

96 1184 150 1204 110

96 1431 148 1459 115

102 1677 158 1696 120

100 1920 152 1949 1²5

100 2167 154 2194 130

566 209 679 232 DAVID
704 209 906 233 WEDDERBU
913 210 957 232 RN
965 229 970 234 .

334 290 425 319 Nunc
442 291 516 328 pede
534 291 722 327 pertingens,
740 300 821 319 nunc
838 300 944 319 rursus
960 290 990 318 in
1007 295 1077 319 aere
1093 291 1193 328 crispo

333 339 469 368 Turbine
486 349 518 368 se
535 339 660 375 librans,
677 339 827 376 celerique
845 340 1003 368 volumine
1020 340 1126 376 lapsus

333 388 379 417 Ad
397 398 563 417 numerosa
581 389 690 417 iterum
708 398 778 417 sese
795 389 1009 416 modulamina
1025 399 1165 417 versans.

333 438 484 476 Quodque
500 438 661 466 videbatur
676 439 770 466 decus
788 447 883 466 unum
901 447 936 466 ac
953 438 1044 466 unica
1061 438 1170 471 virtus,

337 487 386 515 Sic
402 487 520 521 oculos,
538 487 581 516 sic
598 487 647 516 ille
664 497 789 521 manus,
807 487 849 515 sic
866 496 918 515 ora
935 486 1059 520 ferebat,

333 536 417 565 Artis
434 542 466 565 ut
483 542 628 573 aequaret
645 536 751 565 nativa
767 537 920 565 modestia
938 536 1072 564 laudern.

335 585 559 623 praeproperae
576 586 633 614 hoc
651 586 703 614 sed
719 586 802 614 enim
819 586 909 614 morti
928 585 1096 622 puerilibus
1112 585 1204 613 annis

335 634 470 664 Delicias
487 635 597 664 fecisse
613 635 678 671 suit,
697 635 873 664 miserabile
890 634 981 664 dictu.

336 683 429 712 Haud
445 684 533 713 aliter
548 694 665 721 cycnus
682 684 787 721 liquidi
805 694 898 721 prope
915 689 1027 719 stagna
1045 684 1167 721 Caystri

336 733 496 762 Praescius
513 739 654 762 aeternae
671 733 770 762 noctis
787 733 987 762 memorabile
1004 743 1126 762 carmen

336 781 484 818 Integrat,
501 788 530 810 et
547 782 629 810 varie
646 792 704 810 vox
721 792 803 811 nunc
819 782 953 818 crispata
970 787 1115 810 retractat

335 831 416 859 Certi
433 831 502 859 aliis
518 831 649 868 aliisque
666 831 767 859 modis
786 831 947 868 praesagia
965 831 1024 860 leti.

335 879 428 908 Nunc
444 879 569 916 paribus
586 884 738 916 protracta
755 879 843 908 sonis
859 879 927 908 ferit
943 889 1035 908 aurea
1051 880 1126 908 caeli

336 929 453 963 Sidera,
470 928 592 958 deficiat
608 930 705 958 donec
722 938 774 966 per
791 929 896 957 inania
913 929 1020 966 lapsus

335 977 467 1015 Spiritus
483 983 513 1006 et
530 983 640 1007 tenues
656 977 754 1015 fugiat
770 987 840 1006 cum
858 988 932 1007 voce
949 979 1006 1006 sub
1023 979 1158 1007 umbras.

335 1027 399 1056 Vos
415 1037 488 1064 ergo
504 1027 642 1056 Aonides
658 1032 746 1056 tanto
762 1028 840 1056 eheu
857 1027 994 1064 principe
1011 1027 1124 1063 dignos

337 1077 470 1106 Fundite
487 1076 570 1105 ferali
587 1086 656 1106 cum
673 1076 810 1105 carmine
826 1076 944 1104 fundite
960 1075 1061 1105 fletus.

377 1126 458 1165 Quid
476 1126 590 1154 leviora
608 1125 741 1162 sequor?
790 1126 969 1162 Repetenda
986 1125 1057 1154 hinc
1075 1125 1162 1158 seria,
1179 1131 1264 1154 casta

336 1175 487 1212 Principis
503 1180 533 1203 et
549 1175 648 1212 pietas
664 1179 771 1203 monet
786 1180 816 1203 et
833 1174 995 1211 prudentia
1012 1184 1087 1202 rara.

337 1224 392 1253 Ille
409 1224 456 1252 sui
472 1224 584 1261 pariter
601 1224 752 1260 princeps,
771 1223 974 1260 princepsque
991 1232 1127 1252 suorum.

339 1273 499 1310 Indigenis
515 1273 611 1310 patris
628 1273 794 1301 virtutibus
811 1272 946 1309 inclytus
961 1272 1047 1301 0111111

338 1323 407 1361 Qua
424 1327 507 1359 patet
523 1322 639 1350 affulsit
656 1322 782 1356 mundo,
800 1331 855 1350 ceu
876 1322 1020 1350 Phoebus
1037 1322 1104 1349 Eoo

338 1372 455 1400 Littore
471 1377 580 1401 vectus
596 1371 684 1409 equis
701 1371 798 1400 altum
816 1371 891 1408 petit
906 1371 1041 1400 aethera.
1086 1371 1176 1409 Quod
1193 1371 1217 1399 si

339 1421 472 1450 Sublimi
489 1421 625 1450 medium
641 1430 732 1450 cursu
749 1421 944 1449 ascendisset
961 1422 997 1449 ad
1015 1430 1114 1457 axem,

336 1471 466 1499 Occulto
482 1471 534 1499 illa
549 1480 627 1499 aevo
642 1479 785 1499 crescens
803 1470 965 1506 prudentia
981 1474 1080 1498 totum

336 1520 470 1549 Aeterna
486 1525 647 1549 aeternum
665 1520 829 1548 lustrasset
846 1519 989 1556 lampade
1005 1519 1167 1548 mundum.

338 1569 399 1598 Sed
415 1570 520 1603 Caelo,
537 1569 619 1598 haud
636 1569 724 1597 terris
739 1574 828 1597 tanto
845 1578 906 1597 non
924 1568 1042 1597 lumine
1057 1568 1161 1604 dignis

339 1618 432 1646 Hunc
450 1618 540 1647 Pater
556 1618 756 1654 omnipotens
772 1617 870 1646 voluit
886 1618 1039 1646 lucescere
1057 1618 1173 1647 Solem.

342 1668 425 1704 Ergo
441 1667 525 1695 velut
541 1666 630 1704 primi
649 1666 732 1695 Solis
749 1667 806 1695 sub
823 1665 942 1694 lumina
958 1666 1062 1695 caltha

337 1715 485 1745 Luteolos
502 1716 609 1753 pandit
625 1714 724 1750 flores,
743 1715 948 1752 reducemque
962 1715 1084 1744 videtur

336 1764 458 1793 Gratari
475 1764 536 1792 iarn
554 1765 634 1793 laeta
650 1764 742 1799 diem,
759 1769 829 1801 post
844 1773 971 1801 vespere
988 1773 1055 1793 sero

339 1813 379 1842 Se
394 1813 507 1848 condit,
524 1813 670 1850 lassoque
685 1819 778 1850 caput
794 1813 855 1842 iarn
873 1813 1020 1851 languida
1036 1814 1116 1843 collo

339 1862 492 1897 Demittit‚
511 1871 659 1899 spernens
676 1862 795 1891 invisae
811 1862 930 1891 lumina
948 1862 1089 1891 Phoebes
1103 1874 1108 1891 :

342 1911 392 1940 Sic
407 1911 494 1940 vultu
510 1911 648 1940 Aonides
663 1911 766 1940 velato
782 1911 839 1940 hac
856 1912 999 1948 lampade
1015 1911 1128 1948 dignos

339 1960 474 1989 Fundite
490 1959 574 1989 ferali
590 1969 660 1988 curn
677 1961 813 1989 carmine
830 1960 949 1989 fundite
965 1960 1065 1989 fletus.

378 2009 419 2037 At
435 2018 496 2037 non
515 2009 651 2038 Aonides
669 2010 764 2044 solae,
782 2010 834 2038 sed
851 2015 880 2038 et
897 2010 1045 2038 omuibus
1061 2019 1123 2038 una

338 2058 471 2087 Tristior
486 2058 608 2087 incedat
624 2064 746 2088 moesto
761 2068 831 2087 cum
849 2068 1006 2087 murmure
1021 2059 1093 2087 diva

341 2106 472 2144 Religio,
489 2112 518 2136 et
533 2107 653 2136 caelum
671 2107 839 2144 lachrymis
855 2113 949 2144 atque
964 2112 1048 2135 astra
1066 2107 1185 2145 fatiget,

339 2156 472 2185 Conscia
490 2157 655 2193 squallenti
672 2156 850 2185 deformans
866 2156 984 2184 lumina
1001 2157 1098 2185 vultu.
