<?xml version="1.0" encoding="UTF-8"?>
<!DOCTYPE html PUBLIC "-//W3C//DTD XHTML 1.0 Transitional//EN"
    "http://www.w3.org/TR/xhtml1/DTD/xhtml1-transitional.dtd">
<html xmlns="http://www.w3.org/1999/xhtml" xml:lang="en" lang="en">
 <head>
  <title>
</title>
<meta http-equiv="Content-Type" content="text/html;charset=utf-8" />
  <meta name='ocr-system' content='tesseract 3.04.00' />
  <meta name='ocr-capabilities' content='ocr_page ocr_carea ocr_par ocr_line ocrx_word'/>
</head>
<body>
  <div class='ocr_page' id='page_1' title='image "./musalatinaaberdo03gedduoft_0063.png"; bbox 0 0 1903 2724; ppageno 0'>
   <div class='ocr_carea' id='block_1_1' title="bbox 95 319 129 348">
    <p class='ocr_par' dir='ltr' id='par_1_1' title="bbox 95 319 129 348">
     <span class='ocr_line' id='line_1_1' title="bbox 95 319 129 348; baseline 0.059 -2"><span class='ocrx_word' id='word_1_1' title='bbox 95 319 129 348; x_wconf 76' lang='lat'>45</span> 
     </span>
    </p>
   </div>
   <div class='ocr_carea' id='block_1_2' title="bbox 89 563 127 591">
    <p class='ocr_par' dir='ltr' id='par_1_2' title="bbox 89 563 127 591">
     <span class='ocr_line' id='line_1_2' title="bbox 89 563 127 591; baseline 0 -9"><span class='ocrx_word' id='word_1_2' title='bbox 89 563 127 591; x_wconf 81' lang='grc'>50</span> 
     </span>
    </p>
   </div>
   <div class='ocr_carea' id='block_1_3' title="bbox 85 809 120 837">
    <p class='ocr_par' dir='ltr' id='par_1_3' title="bbox 85 809 120 837">
     <span class='ocr_line' id='line_1_3' title="bbox 85 809 120 837; baseline 0 0"><span class='ocrx_word' id='word_1_3' title='bbox 85 809 120 837; x_wconf 87' lang='grc'>55</span> 
     </span>
    </p>
   </div>
   <div class='ocr_carea' id='block_1_4' title="bbox 78 1049 116 1076">
    <p class='ocr_par' dir='ltr' id='par_1_4' title="bbox 78 1049 116 1076">
     <span class='ocr_line' id='line_1_4' title="bbox 78 1049 116 1076; baseline 0.026 -1"><span class='ocrx_word' id='word_1_4' title='bbox 78 1049 116 1076; x_wconf 91' lang='lat'>60</span> 
     </span>
    </p>
   </div>
   <div class='ocr_carea' id='block_1_5' title="bbox 71 1547 107 1574">
    <p class='ocr_par' dir='ltr' id='par_1_5' title="bbox 71 1547 107 1574">
     <span class='ocr_line' id='line_1_5' title="bbox 71 1547 107 1574; baseline 0 -8"><span class='ocrx_word' id='word_1_5' title='bbox 71 1547 107 1574; x_wconf 86' lang='lat'>70</span> 
     </span>
    </p>
   </div>
   <div class='ocr_carea' id='block_1_6' title="bbox 65 1791 102 1820">
    <p class='ocr_par' dir='ltr' id='par_1_6' title="bbox 65 1791 102 1820">
     <span class='ocr_line' id='line_1_6' title="bbox 65 1791 102 1820; baseline 0 0"><span class='ocrx_word' id='word_1_6' title='bbox 65 1791 102 1820; x_wconf 89' lang='lat'>75</span> 
     </span>
    </p>
   </div>
   <div class='ocr_carea' id='block_1_7' title="bbox 59 2029 96 2056">
    <p class='ocr_par' dir='ltr' id='par_1_7' title="bbox 59 2029 96 2056">
     <span class='ocr_line' id='line_1_7' title="bbox 59 2029 96 2056; baseline 0 0"><span class='ocrx_word' id='word_1_7' title='bbox 59 2029 96 2056; x_wconf 84' lang='lat'>80</span> 
     </span>
    </p>
   </div>
   <div class='ocr_carea' id='block_1_8' title="bbox 564 189 985 224">
    <p class='ocr_par' dir='ltr' id='par_1_8' title="bbox 564 189 985 224">
     <span class='ocr_line' id='line_1_8' title="bbox 564 189 985 224; baseline 0.029 -13"><span class='ocrx_word' id='word_1_8' title='bbox 564 189 725 215; x_wconf 68' lang='lat' dir='ltr'>wlLMAM</span> <span class='ocrx_word' id='word_1_9' title='bbox 756 194 985 224; x_wconf 43' lang='grc' dir='ltr'>ΙῑΙΛΓΚΗΛΙᾸΑ,</span> 
     </span>
    </p>
   </div>
   <div class='ocr_carea' id='block_1_9' title="bbox 260 266 1197 2169">
    <p class='ocr_par' dir='ltr' id='par_1_9' title="bbox 260 266 1197 2169">
     <span class='ocr_line' id='line_1_9' title="bbox 298 266 1160 316; baseline 0.021 -24"><span class='ocrx_word' id='word_1_10' title='bbox 298 266 376 293; x_wconf 75' lang='lat' dir='ltr'>Cum</span> <span class='ocrx_word' id='word_1_11' title='bbox 395 271 456 295; x_wconf 84' lang='lat' dir='ltr'>tres</span> <span class='ocrx_word' id='word_1_12' title='bbox 472 273 564 304; x_wconf 83' lang='lat' dir='ltr'>atque</span> <span class='ocrx_word' id='word_1_13' title='bbox 581 270 685 298; x_wconf 86' lang='lat' dir='ltr'>decem</span> <span class='ocrx_word' id='word_1_14' title='bbox 704 274 840 302; x_wconf 78' lang='lat' dir='ltr'>nonduin</span> <span class='ocrx_word' id='word_1_15' title='bbox 860 282 927 311; x_wconf 88' lang='lat' dir='ltr'>post</span> <span class='ocrx_word' id='word_1_16' title='bbox 946 277 1006 307; x_wconf 79' lang='lat' dir='ltr'>fata</span> <span class='ocrx_word' id='word_1_17' title='bbox 1025 283 1160 316; x_wconf 81' lang='lat' dir='ltr'>parentis</span> 
     </span>
     <span class='ocr_line' id='line_1_10' title="bbox 298 313 1004 361; baseline 0.02 -21"><span class='ocrx_word' id='word_1_18' title='bbox 298 313 425 343; x_wconf 84' lang='lat' dir='ltr'>Finierit</span> <span class='ocrx_word' id='word_1_19' title='bbox 441 325 549 344; x_wconf 87' lang='lat' dir='ltr'>cursus</span> <span class='ocrx_word' id='word_1_20' title='bbox 565 318 690 355; x_wconf 78' lang='lat' dir='ltr'>obliquo</span> <span class='ocrx_word' id='word_1_21' title='bbox 707 322 830 351; x_wconf 75' lang='lat' dir='ltr'>tramite</span> <span class='ocrx_word' id='word_1_22' title='bbox 851 324 1004 361; x_wconf 81' lang='lat' dir='ltr'>Phoebus,</span> 
     </span>
     <span class='ocr_line' id='line_1_11' title="bbox 298 362 1058 409; baseline 0.021 -20"><span class='ocrx_word' id='word_1_23' title='bbox 298 362 395 391; x_wconf 74' lang='lat' dir='ltr'>Filius</span> <span class='ocrx_word' id='word_1_24' title='bbox 411 374 480 393; x_wconf 86' lang='lat' dir='ltr'>ecee</span> <span class='ocrx_word' id='word_1_25' title='bbox 498 366 575 402; x_wconf 89' lang='lat' dir='ltr'>patri</span> <span class='ocrx_word' id='word_1_26' title='bbox 592 376 698 396; x_wconf 87' lang='lat' dir='ltr'>comes</span> <span class='ocrx_word' id='word_1_27' title='bbox 716 369 746 404; x_wconf 82' lang='lat' dir='ltr'>it,</span> <span class='ocrx_word' id='word_1_28' title='bbox 766 372 817 399; x_wconf 83' lang='lat' dir='ltr'>sed</span> <span class='ocrx_word' id='word_1_29' title='bbox 836 373 958 409; x_wconf 81' lang='lat' dir='ltr'>dispare</span> <span class='ocrx_word' id='word_1_30' title='bbox 974 385 1058 405; x_wconf 80' lang='lat' dir='ltr'>casu.</span> 
     </span>
     <span class='ocr_line' id='line_1_12' title="bbox 298 412 1076 456; baseline 0.019 -17"><span class='ocrx_word' id='word_1_31' title='bbox 298 412 488 448; x_wconf 74' lang='lat' dir='ltr'>Languidior</span> <span class='ocrx_word' id='word_1_32' title='bbox 505 417 642 445; x_wconf 86' lang='lat' dir='ltr'>nondum</span> <span class='ocrx_word' id='word_1_33' title='bbox 660 417 840 456; x_wconf 80' lang='lat' dir='ltr'>defectaque</span> <span class='ocrx_word' id='word_1_34' title='bbox 858 422 973 451; x_wconf 75' lang='lat' dir='ltr'>viribus</span> <span class='ocrx_word' id='word_1_35' title='bbox 989 431 1076 454; x_wconf 73' lang='lat' dir='ltr'>:retas</span> 
     </span>
     <span class='ocr_line' id='line_1_13' title="bbox 296 460 1073 507; baseline 0.019 -20"><span class='ocrx_word' id='word_1_36' title='bbox 296 460 464 497; x_wconf 68' lang='lat' dir='ltr'>Institerat,</span> <span class='ocrx_word' id='word_1_37' title='bbox 482 464 619 492; x_wconf 87' lang='lat' dir='ltr'>nondum</span> <span class='ocrx_word' id='word_1_38' title='bbox 637 476 716 502; x_wconf 80' lang='lat' dir='ltr'>quae</span> <span class='ocrx_word' id='word_1_39' title='bbox 734 469 823 496; x_wconf 78' lang='lat' dir='ltr'>rebus</span> <span class='ocrx_word' id='word_1_40' title='bbox 841 476 912 499; x_wconf 72' lang='lat' dir='ltr'>nata</span> <span class='ocrx_word' id='word_1_41' title='bbox 929 475 1073 507; x_wconf 63' lang='lat' dir='ltr'>gerendis</span> 
     </span>
     <span class='ocr_line' id='line_1_14' title="bbox 293 508 1019 558; baseline 0.018 -22"><span class='ocrx_word' id='word_1_42' title='bbox 293 508 447 546; x_wconf 80' lang='lat' dir='ltr'>Tempora</span> <span class='ocrx_word' id='word_1_43' title='bbox 464 513 594 541; x_wconf 80' lang='lat' dir='ltr'>canities</span> <span class='ocrx_word' id='word_1_44' title='bbox 610 515 748 544; x_wconf 79' lang='lat' dir='ltr'>ambibat</span> <span class='ocrx_word' id='word_1_45' title='bbox 763 527 768 549; x_wconf 84' lang='lat'><em>;</em></span> <span class='ocrx_word' id='word_1_46' title='bbox 787 519 892 548; x_wconf 78' lang='lat' dir='ltr'>robore</span> <span class='ocrx_word' id='word_1_47' title='bbox 909 531 1019 558; x_wconf 79' lang='lat' dir='ltr'>eorpus</span> 
     </span>
     <span class='ocr_line' id='line_1_15' title="bbox 293 558 1164 604; baseline 0.02 -19"><span class='ocrx_word' id='word_1_48' title='bbox 293 558 482 595; x_wconf 84' lang='lat' dir='ltr'>l&#39;raestabat,</span> <span class='ocrx_word' id='word_1_49' title='bbox 501 561 678 600; x_wconf 82' lang='lat' dir='ltr'>formaeque</span> <span class='ocrx_word' id='word_1_50' title='bbox 695 566 788 594; x_wconf 86' lang='lat' dir='ltr'>decus</span> <span class='ocrx_word' id='word_1_51' title='bbox 805 576 874 595; x_wconf 88' lang='lat' dir='ltr'>eum</span> <span class='ocrx_word' id='word_1_52' title='bbox 894 570 999 599; x_wconf 79' lang='lat' dir='ltr'>robore</span> <span class='ocrx_word' id='word_1_53' title='bbox 1016 572 1164 604; x_wconf 79' lang='lat' dir='ltr'>iunctum,</span> 
     </span>
     <span class='ocr_line' id='line_1_16' title="bbox 292 607 1066 656; baseline 0.017 -21"><span class='ocrx_word' id='word_1_54' title='bbox 292 607 423 644; x_wconf 81' lang='lat' dir='ltr'>Dignior</span> <span class='ocrx_word' id='word_1_55' title='bbox 439 616 566 647; x_wconf 83' lang='lat' dir='ltr'>aspectu</span> <span class='ocrx_word' id='word_1_56' title='bbox 585 621 687 647; x_wconf 84' lang='lat' dir='ltr'>nemo,</span> <span class='ocrx_word' id='word_1_57' title='bbox 705 624 759 643; x_wconf 87' lang='lat' dir='ltr'>nec</span> <span class='ocrx_word' id='word_1_58' title='bbox 776 619 947 654; x_wconf 81' lang='lat' dir='ltr'>promptior</span> <span class='ocrx_word' id='word_1_59' title='bbox 963 621 1066 656; x_wconf 76' lang='lat' dir='ltr'>armis,</span> 
     </span>
     <span class='ocr_line' id='line_1_17' title="bbox 291 656 969 697; baseline 0.018 -13"><span class='ocrx_word' id='word_1_60' title='bbox 291 656 410 686; x_wconf 78' lang='lat' dir='ltr'>Ludere</span> <span class='ocrx_word' id='word_1_61' title='bbox 427 668 480 688; x_wconf 85' lang='lat' dir='ltr'>seu</span> <span class='ocrx_word' id='word_1_62' title='bbox 498 659 576 689; x_wconf 86' lang='lat' dir='ltr'>ferro</span> <span class='ocrx_word' id='word_1_63' title='bbox 593 661 690 697; x_wconf 86' lang='lat' dir='ltr'>libuit,</span> <span class='ocrx_word' id='word_1_64' title='bbox 709 673 769 692; x_wconf 94' lang='lat' dir='ltr'>non</span> <span class='ocrx_word' id='word_1_65' title='bbox 787 667 900 694; x_wconf 82' lang='lat' dir='ltr'>certius</span> <span class='ocrx_word' id='word_1_66' title='bbox 918 668 969 696; x_wconf 83' lang='lat' dir='ltr'>illo</span> 
     </span>
     <span class='ocr_line' id='line_1_18' title="bbox 290 705 1169 757; baseline 0.019 -24"><span class='ocrx_word' id='word_1_67' title='bbox 290 705 463 736; x_wconf 87' lang='lat' dir='ltr'>Innocuum</span> <span class='ocrx_word' id='word_1_68' title='bbox 481 709 646 746; x_wconf 87' lang='lat' dir='ltr'>quisquam</span> <span class='ocrx_word' id='word_1_69' title='bbox 665 712 732 741; x_wconf 89' lang='lat' dir='ltr'>sine</span> <span class='ocrx_word' id='word_1_70' title='bbox 749 715 903 750; x_wconf 69' lang='lat' dir='ltr'>sanguine</span> <span class='ocrx_word' id='word_1_71' title='bbox 921 718 1033 746; x_wconf 83' lang='lat' dir='ltr'>vulnus</span> <span class='ocrx_word' id='word_1_72' title='bbox 1049 722 1169 757; x_wconf 66' lang='lat' dir='ltr'>agebat,</span> 
     </span>
     <span class='ocr_line' id='line_1_19' title="bbox 288 754 972 802; baseline 0.018 -20"><span class='ocrx_word' id='word_1_73' title='bbox 288 754 348 783; x_wconf 89' lang='lat' dir='ltr'>Seu</span> <span class='ocrx_word' id='word_1_74' title='bbox 367 757 509 785; x_wconf 90' lang='lat' dir='ltr'>sublimis</span> <span class='ocrx_word' id='word_1_75' title='bbox 525 768 604 795; x_wconf 90' lang='lat' dir='ltr'>equo</span> <span class='ocrx_word' id='word_1_76' title='bbox 621 760 750 790; x_wconf 86' lang='lat' dir='ltr'>sinuoso</span> <span class='ocrx_word' id='word_1_77' title='bbox 767 763 865 792; x_wconf 82' lang='lat' dir='ltr'>limite</span> <span class='ocrx_word' id='word_1_78' title='bbox 881 775 972 802; x_wconf 67' lang='lat' dir='ltr'>gyros</span> 
     </span>
     <span class='ocr_line' id='line_1_20' title="bbox 289 804 1024 845; baseline 0.019 -14"><span class='ocrx_word' id='word_1_79' title='bbox 289 804 426 834; x_wconf 80' lang='lat' dir='ltr'>Reddere</span> <span class='ocrx_word' id='word_1_80' title='bbox 442 808 607 844; x_wconf 74' lang='lat' dir='ltr'>gaudebat,</span> <span class='ocrx_word' id='word_1_81' title='bbox 626 815 706 838; x_wconf 86' lang='lat' dir='ltr'>recto</span> <span class='ocrx_word' id='word_1_82' title='bbox 723 822 775 840; x_wconf 79' lang='lat' dir='ltr'>seu</span> <span class='ocrx_word' id='word_1_83' title='bbox 795 815 918 843; x_wconf 85' lang='lat' dir='ltr'>tendere</span> <span class='ocrx_word' id='word_1_84' title='bbox 933 825 1024 845; x_wconf 85' lang='lat' dir='ltr'>cursu</span> 
     </span>
     <span class='ocr_line' id='line_1_21' title="bbox 285 853 1082 900; baseline 0.019 -20"><span class='ocrx_word' id='word_1_85' title='bbox 285 853 557 892; x_wconf 76' lang='lat' dir='ltr'>Quadrupedantis</span> <span class='ocrx_word' id='word_1_86' title='bbox 573 859 663 895; x_wconf 78' lang='lat' dir='ltr'>equi;</span> <span class='ocrx_word' id='word_1_87' title='bbox 682 869 773 889; x_wconf 88' lang='lat' dir='ltr'>nemo</span> <span class='ocrx_word' id='word_1_88' title='bbox 790 871 851 890; x_wconf 92' lang='lat' dir='ltr'>non</span> <span class='ocrx_word' id='word_1_89' title='bbox 870 865 994 900; x_wconf 76' lang='lat' dir='ltr'>segnior</span> <span class='ocrx_word' id='word_1_90' title='bbox 1010 867 1082 895; x_wconf 79' lang='lat' dir='ltr'>ibat.</span> 
     </span>
     <span class='ocr_line' id='line_1_22' title="bbox 325 904 1113 946; baseline 0.019 -15"><span class='ocrx_word' id='word_1_91' title='bbox 325 904 467 933; x_wconf 87' lang='lat' dir='ltr'>Concidit</span> <span class='ocrx_word' id='word_1_92' title='bbox 485 905 534 934; x_wconf 90' lang='lat' dir='ltr'>ille</span> <span class='ocrx_word' id='word_1_93' title='bbox 551 912 656 936; x_wconf 81' lang='lat' dir='ltr'>tamen</span> <span class='ocrx_word' id='word_1_94' title='bbox 675 910 776 939; x_wconf 88' lang='lat' dir='ltr'>medio</span> <span class='ocrx_word' id='word_1_95' title='bbox 793 911 963 942; x_wconf 80' lang='lat' dir='ltr'>labefactus</span> <span class='ocrx_word' id='word_1_96' title='bbox 981 915 1010 943; x_wconf 89' lang='lat' dir='ltr'>in</span> <span class='ocrx_word' id='word_1_97' title='bbox 1027 927 1113 946; x_wconf 73' lang='lat' dir='ltr'>aevo.</span> 
     </span>
     <span class='ocr_line' id='line_1_23' title="bbox 286 951 1070 999; baseline 0.018 -20"><span class='ocrx_word' id='word_1_98' title='bbox 286 951 376 981; x_wconf 84' lang='lat' dir='ltr'>Haud</span> <span class='ocrx_word' id='word_1_99' title='bbox 395 963 485 982; x_wconf 80' lang='lat' dir='ltr'>secus</span> <span class='ocrx_word' id='word_1_100' title='bbox 501 965 536 984; x_wconf 88' lang='lat' dir='ltr'>ac</span> <span class='ocrx_word' id='word_1_101' title='bbox 553 956 624 984; x_wconf 85' lang='lat' dir='ltr'>altis</span> <span class='ocrx_word' id='word_1_102' title='bbox 641 957 771 987; x_wconf 81' lang='lat' dir='ltr'>haerens</span> <span class='ocrx_word' id='word_1_103' title='bbox 789 961 941 990; x_wconf 77' lang='lat' dir='ltr'>radicibus</span> <span class='ocrx_word' id='word_1_104' title='bbox 959 964 1070 999; x_wconf 64' lang='lat' dir='ltr'>ingens</span> 
     </span>
     <span class='ocr_line' id='line_1_24' title="bbox 284 1001 1117 1045; baseline 0.018 -17"><span class='ocrx_word' id='word_1_105' title='bbox 284 1001 370 1030; x_wconf 79' lang='lat' dir='ltr'>Silva</span> <span class='ocrx_word' id='word_1_106' title='bbox 385 1003 465 1031; x_wconf 89' lang='lat' dir='ltr'>cadit</span> <span class='ocrx_word' id='word_1_107' title='bbox 483 1005 610 1033; x_wconf 86' lang='lat' dir='ltr'>tumidis</span> <span class='ocrx_word' id='word_1_108' title='bbox 627 1016 719 1042; x_wconf 86' lang='lat' dir='ltr'>quam</span> <span class='ocrx_word' id='word_1_109' title='bbox 738 1018 870 1045; x_wconf 76' lang='lat' dir='ltr'>surgens</span> <span class='ocrx_word' id='word_1_110' title='bbox 887 1011 1003 1041; x_wconf 74' lang='lat' dir='ltr'>Aeolus</span> <span class='ocrx_word' id='word_1_111' title='bbox 1019 1016 1117 1043; x_wconf 72' lang='lat' dir='ltr'>antris</span> 
     </span>
     <span class='ocr_line' id='line_1_25' title="bbox 282 1051 1008 1098; baseline 0.017 -20"><span class='ocrx_word' id='word_1_112' title='bbox 282 1051 422 1080; x_wconf 85' lang='lat' dir='ltr'>Flatibus</span> <span class='ocrx_word' id='word_1_113' title='bbox 439 1060 558 1083; x_wconf 77' lang='lat' dir='ltr'>exercet</span> <span class='ocrx_word' id='word_1_114' title='bbox 574 1056 696 1091; x_wconf 80' lang='lat' dir='ltr'>crebris,</span> <span class='ocrx_word' id='word_1_115' title='bbox 713 1060 858 1088; x_wconf 86' lang='lat' dir='ltr'>convellit</span> <span class='ocrx_word' id='word_1_116' title='bbox 875 1061 913 1088; x_wconf 86' lang='lat' dir='ltr'>ab</span> <span class='ocrx_word' id='word_1_117' title='bbox 930 1062 1008 1098; x_wconf 83' lang='lat' dir='ltr'>imis,</span> 
     </span>
     <span class='ocr_line' id='line_1_26' title="bbox 282 1100 1000 1141; baseline 0.017 -13"><span class='ocrx_word' id='word_1_118' title='bbox 282 1100 513 1139; x_wconf 84' lang='lat' dir='ltr'>Prosternitque</span> <span class='ocrx_word' id='word_1_119' title='bbox 531 1105 616 1132; x_wconf 84' lang='lat' dir='ltr'>solo:</span> <span class='ocrx_word' id='word_1_120' title='bbox 634 1106 736 1135; x_wconf 84' lang='lat' dir='ltr'>subito</span> <span class='ocrx_word' id='word_1_121' title='bbox 753 1107 796 1136; x_wconf 89' lang='lat' dir='ltr'>sic</span> <span class='ocrx_word' id='word_1_122' title='bbox 812 1111 924 1139; x_wconf 88' lang='lat' dir='ltr'>corruit</span> <span class='ocrx_word' id='word_1_123' title='bbox 942 1111 1000 1141; x_wconf 89' lang='lat' dir='ltr'>ille.</span> 
     </span>
     <span class='ocr_line' id='line_1_27' title="bbox 281 1150 1076 1197; baseline 0.016 -20"><span class='ocrx_word' id='word_1_124' title='bbox 281 1150 326 1178; x_wconf 79' lang='lat' dir='ltr'>Ex</span> <span class='ocrx_word' id='word_1_125' title='bbox 343 1156 416 1180; x_wconf 87' lang='lat' dir='ltr'>nato</span> <span class='ocrx_word' id='word_1_126' title='bbox 433 1153 569 1181; x_wconf 89' lang='lat' dir='ltr'>nondum</span> <span class='ocrx_word' id='word_1_127' title='bbox 589 1160 661 1182; x_wconf 84' lang='lat' dir='ltr'>sunt</span> <span class='ocrx_word' id='word_1_128' title='bbox 678 1161 817 1193; x_wconf 84' lang='lat' dir='ltr'>tempora</span> <span class='ocrx_word' id='word_1_129' title='bbox 834 1159 901 1187; x_wconf 81' lang='lat' dir='ltr'>visa</span> <span class='ocrx_word' id='word_1_130' title='bbox 919 1167 1076 1197; x_wconf 82' lang='lat' dir='ltr'>nepotum,</span> 
     </span>
     <span class='ocr_line' id='line_1_28' title="bbox 277 1199 1070 1247; baseline 0.016 -21"><span class='ocrx_word' id='word_1_131' title='bbox 277 1199 347 1236; x_wconf 79' lang='lat' dir='ltr'>(Ast</span> <span class='ocrx_word' id='word_1_132' title='bbox 363 1206 427 1228; x_wconf 85' lang='lat' dir='ltr'>erat</span> <span class='ocrx_word' id='word_1_133' title='bbox 445 1201 561 1230; x_wconf 88' lang='lat' dir='ltr'>interea</span> <span class='ocrx_word' id='word_1_134' title='bbox 578 1204 694 1232; x_wconf 83' lang='lat' dir='ltr'>multae</span> <span class='ocrx_word' id='word_1_135' title='bbox 710 1215 832 1242; x_wconf 87' lang='lat' dir='ltr'>quoque</span> <span class='ocrx_word' id='word_1_136' title='bbox 850 1208 954 1245; x_wconf 80' lang='lat' dir='ltr'>stirpis</span> <span class='ocrx_word' id='word_1_137' title='bbox 970 1211 1070 1247; x_wconf 69' lang='lat' dir='ltr'>origo)</span> 
     </span>
     <span class='ocr_line' id='line_1_29' title="bbox 279 1247 1071 1293; baseline 0.016 -18"><span class='ocrx_word' id='word_1_138' title='bbox 279 1247 332 1276; x_wconf 88' lang='lat' dir='ltr'>Ille</span> <span class='ocrx_word' id='word_1_139' title='bbox 350 1254 435 1285; x_wconf 85' lang='lat' dir='ltr'>pater</span> <span class='ocrx_word' id='word_1_140' title='bbox 451 1251 589 1279; x_wconf 88' lang='lat' dir='ltr'>nondum</span> <span class='ocrx_word' id='word_1_141' title='bbox 608 1251 708 1281; x_wconf 87' lang='lat' dir='ltr'>factus</span> <span class='ocrx_word' id='word_1_142' title='bbox 725 1256 925 1293; x_wconf 81' lang='lat' dir='ltr'>nondumque</span> <span class='ocrx_word' id='word_1_143' title='bbox 942 1260 1071 1288; x_wconf 80' lang='lat' dir='ltr'>maritus</span> 
     </span>
     <span class='ocr_line' id='line_1_30' title="bbox 276 1297 1051 1343; baseline 0.017 -19"><span class='ocrx_word' id='word_1_144' title='bbox 276 1297 424 1326; x_wconf 81' lang='lat' dir='ltr'>Manibus</span> <span class='ocrx_word' id='word_1_145' title='bbox 441 1305 469 1327; x_wconf 88' lang='lat' dir='ltr'>et</span> <span class='ocrx_word' id='word_1_146' title='bbox 486 1306 609 1336; x_wconf 87' lang='lat' dir='ltr'>praesto</span> <span class='ocrx_word' id='word_1_147' title='bbox 627 1311 687 1330; x_wconf 89' lang='lat' dir='ltr'>non</span> <span class='ocrx_word' id='word_1_148' title='bbox 706 1308 752 1332; x_wconf 83' lang='lat' dir='ltr'>est</span> <span class='ocrx_word' id='word_1_149' title='bbox 769 1305 819 1341; x_wconf 86' lang='lat' dir='ltr'>qui</span> <span class='ocrx_word' id='word_1_150' title='bbox 839 1306 893 1334; x_wconf 88' lang='lat' dir='ltr'>rite</span> <span class='ocrx_word' id='word_1_151' title='bbox 911 1314 1051 1343; x_wconf 82' lang='lat' dir='ltr'>parentet</span> 
     </span>
     <span class='ocr_line' id='line_1_31' title="bbox 275 1347 1171 1396; baseline 0.017 -22"><span class='ocrx_word' id='word_1_152' title='bbox 275 1347 417 1384; x_wconf 78' lang='lat' dir='ltr'>Ossaque</span> <span class='ocrx_word' id='word_1_153' title='bbox 434 1350 559 1378; x_wconf 85' lang='lat' dir='ltr'>mandet</span> <span class='ocrx_word' id='word_1_154' title='bbox 577 1350 691 1385; x_wconf 84' lang='lat' dir='ltr'>humo;</span> <span class='ocrx_word' id='word_1_155' title='bbox 710 1354 890 1390; x_wconf 68' lang='lat' dir='ltr'>peregrinus</span> <span class='ocrx_word' id='word_1_156' title='bbox 907 1366 1017 1394; x_wconf 83' lang='lat' dir='ltr'>nempe</span> <span class='ocrx_word' id='word_1_157' title='bbox 1035 1368 1086 1396; x_wconf 90' lang='lat' dir='ltr'>per</span> <span class='ocrx_word' id='word_1_158' title='bbox 1102 1370 1171 1389; x_wconf 84' lang='lat' dir='ltr'>oras</span> 
     </span>
     <span class='ocr_line' id='line_1_32' title="bbox 273 1396 901 1436; baseline 0.016 -13"><span class='ocrx_word' id='word_1_159' title='bbox 273 1396 376 1424; x_wconf 84' lang='lat' dir='ltr'>Ardua</span> <span class='ocrx_word' id='word_1_160' title='bbox 394 1397 516 1427; x_wconf 89' lang='lat' dir='ltr'>virtutis</span> <span class='ocrx_word' id='word_1_161' title='bbox 533 1400 666 1436; x_wconf 85' lang='lat' dir='ltr'>vestigia</span> <span class='ocrx_word' id='word_1_162' title='bbox 682 1407 782 1430; x_wconf 87' lang='lat' dir='ltr'>tentat</span> <span class='ocrx_word' id='word_1_163' title='bbox 799 1404 901 1433; x_wconf 83' lang='lat' dir='ltr'>avitae</span> 
     </span>
     <span class='ocr_line' id='line_1_33' title="bbox 275 1444 1102 1490; baseline 0.017 -18"><span class='ocrx_word' id='word_1_164' title='bbox 275 1444 313 1472; x_wconf 85' lang='lat' dir='ltr'>Et</span> <span class='ocrx_word' id='word_1_165' title='bbox 332 1446 481 1482; x_wconf 85' lang='lat' dir='ltr'>Sophiam</span> <span class='ocrx_word' id='word_1_166' title='bbox 500 1449 647 1485; x_wconf 89' lang='lat' dir='ltr'>sequitur.</span> <span class='ocrx_word' id='word_1_167' title='bbox 695 1450 766 1480; x_wconf 91' lang='lat' dir='ltr'>Non</span> <span class='ocrx_word' id='word_1_168' title='bbox 786 1452 835 1481; x_wconf 88' lang='lat' dir='ltr'>ille</span> <span class='ocrx_word' id='word_1_169' title='bbox 852 1454 985 1490; x_wconf 81' lang='lat' dir='ltr'>pericula</span> <span class='ocrx_word' id='word_1_170' title='bbox 1003 1457 1102 1486; x_wconf 86' lang='lat' dir='ltr'>laetus</span> 
     </span>
     <span class='ocr_line' id='line_1_34' title="bbox 271 1493 1132 1542; baseline 0.017 -21"><span class='ocrx_word' id='word_1_171' title='bbox 271 1493 397 1532; x_wconf 81' lang='lat' dir='ltr'>Aequae</span> <span class='ocrx_word' id='word_1_172' title='bbox 414 1495 454 1534; x_wconf 85' lang='lat'>(?)</span> <span class='ocrx_word' id='word_1_173' title='bbox 472 1496 559 1525; x_wconf 85' lang='lat' dir='ltr'>timet</span> <span class='ocrx_word' id='word_1_174' title='bbox 576 1498 676 1533; x_wconf 83' lang='lat' dir='ltr'>veris;</span> <span class='ocrx_word' id='word_1_175' title='bbox 693 1500 855 1537; x_wconf 78' lang='lat' dir='ltr'>amplexus</span> <span class='ocrx_word' id='word_1_176' title='bbox 873 1513 969 1540; x_wconf 87' lang='lat' dir='ltr'>usque</span> <span class='ocrx_word' id='word_1_177' title='bbox 987 1512 1132 1542; x_wconf 83' lang='lat' dir='ltr'>paternos</span> 
     </span>
     <span class='ocr_line' id='line_1_35' title="bbox 272 1542 1197 1592; baseline 0.018 -23"><span class='ocrx_word' id='word_1_178' title='bbox 272 1542 503 1580; x_wconf 86' lang='lat' dir='ltr'>Necquicquam</span> <span class='ocrx_word' id='word_1_179' title='bbox 523 1552 624 1582; x_wconf 81' lang='lat' dir='ltr'>sperat</span> <span class='ocrx_word' id='word_1_180' title='bbox 639 1557 644 1578; x_wconf 85' lang='lat'>;</span> <span class='ocrx_word' id='word_1_181' title='bbox 663 1557 767 1584; x_wconf 84' lang='lat' dir='ltr'>precor</span> <span class='ocrx_word' id='word_1_182' title='bbox 782 1555 875 1587; x_wconf 88' lang='lat' dir='ltr'>atque</span> <span class='ocrx_word' id='word_1_183' title='bbox 892 1552 931 1580; x_wconf 88' lang='lat' dir='ltr'>sit</span> <span class='ocrx_word' id='word_1_184' title='bbox 948 1553 1014 1590; x_wconf 86' lang='lat' dir='ltr'>ipse</span> <span class='ocrx_word' id='word_1_185' title='bbox 1031 1562 1197 1592; x_wconf 85' lang='lat' dir='ltr'>superstes,</span> 
     </span>
     <span class='ocr_line' id='line_1_36' title="bbox 272 1591 1087 1634; baseline 0.017 -16"><span class='ocrx_word' id='word_1_186' title='bbox 272 1591 311 1619; x_wconf 83' lang='lat' dir='ltr'>Et</span> <span class='ocrx_word' id='word_1_187' title='bbox 328 1592 467 1621; x_wconf 87' lang='lat' dir='ltr'>reducem</span> <span class='ocrx_word' id='word_1_188' title='bbox 486 1595 602 1630; x_wconf 76' lang='lat' dir='ltr'>patriae</span> <span class='ocrx_word' id='word_1_189' title='bbox 619 1597 797 1634; x_wconf 84' lang='lat' dir='ltr'>sanctisque</span> <span class='ocrx_word' id='word_1_190' title='bbox 816 1599 985 1630; x_wconf 82' lang='lat' dir='ltr'>Penatibus</span> <span class='ocrx_word' id='word_1_191' title='bbox 1003 1603 1087 1632; x_wconf 87' lang='lat' dir='ltr'>illum</span> 
     </span>
     <span class='ocr_line' id='line_1_37' title="bbox 272 1640 1081 1688; baseline 0.016 -20"><span class='ocrx_word' id='word_1_192' title='bbox 272 1640 426 1670; x_wconf 86' lang='lat' dir='ltr'>Restituat</span> <span class='ocrx_word' id='word_1_193' title='bbox 444 1652 559 1672; x_wconf 87' lang='lat' dir='ltr'>numen</span> <span class='ocrx_word' id='word_1_194' title='bbox 578 1645 798 1681; x_wconf 81' lang='lat' dir='ltr'>languentibus</span> <span class='ocrx_word' id='word_1_195' title='bbox 814 1654 906 1686; x_wconf 90' lang='lat' dir='ltr'>atque</span> <span class='ocrx_word' id='word_1_196' title='bbox 924 1651 1081 1688; x_wconf 84' lang='lat' dir='ltr'>Camenis,</span> 
     </span>
     <span class='ocr_line' id='line_1_38' title="bbox 269 1689 1002 1736; baseline 0.016 -20"><span class='ocrx_word' id='word_1_197' title='bbox 269 1689 357 1727; x_wconf 79' lang='lat' dir='ltr'>Quae</span> <span class='ocrx_word' id='word_1_198' title='bbox 374 1700 406 1719; x_wconf 90' lang='lat' dir='ltr'>se</span> <span class='ocrx_word' id='word_1_199' title='bbox 422 1693 578 1728; x_wconf 83' lang='lat' dir='ltr'>perpetuis</span> <span class='ocrx_word' id='word_1_200' title='bbox 595 1701 746 1724; x_wconf 90' lang='lat' dir='ltr'>voverunt</span> <span class='ocrx_word' id='word_1_201' title='bbox 763 1695 887 1726; x_wconf 85' lang='lat' dir='ltr'>fletibus</span> <span class='ocrx_word' id='word_1_202' title='bbox 904 1709 1002 1736; x_wconf 85' lang='lat' dir='ltr'>usque</span> 
     </span>
     <span class='ocr_line' id='line_1_39' title="bbox 268 1737 1069 1782; baseline 0.017 -17"><span class='ocrx_word' id='word_1_203' title='bbox 268 1737 351 1766; x_wconf 88' lang='lat' dir='ltr'>Dum</span> <span class='ocrx_word' id='word_1_204' title='bbox 369 1748 471 1768; x_wconf 88' lang='lat' dir='ltr'>coram</span> <span class='ocrx_word' id='word_1_205' title='bbox 489 1741 613 1770; x_wconf 87' lang='lat' dir='ltr'>videant</span> <span class='ocrx_word' id='word_1_206' title='bbox 631 1743 732 1780; x_wconf 83' lang='lat' dir='ltr'>ipsum</span> <span class='ocrx_word' id='word_1_207' title='bbox 750 1745 800 1782; x_wconf 88' lang='lat' dir='ltr'>qui</span> <span class='ocrx_word' id='word_1_208' title='bbox 818 1747 947 1782; x_wconf 85' lang='lat' dir='ltr'>pristina</span> <span class='ocrx_word' id='word_1_209' title='bbox 966 1751 1069 1779; x_wconf 84' lang='lat' dir='ltr'>reddat</span> 
     </span>
     <span class='ocr_line' id='line_1_40' title="bbox 269 1787 1027 1828; baseline 0.017 -14"><span class='ocrx_word' id='word_1_210' title='bbox 269 1787 398 1817; x_wconf 80' lang='lat' dir='ltr'>Gaudia.</span> <span class='ocrx_word' id='word_1_211' title='bbox 446 1789 610 1820; x_wconf 87' lang='lat' dir='ltr'>Phoeboeo</span> <span class='ocrx_word' id='word_1_212' title='bbox 627 1792 780 1822; x_wconf 87' lang='lat' dir='ltr'>siccantur</span> <span class='ocrx_word' id='word_1_213' title='bbox 797 1795 914 1825; x_wconf 88' lang='lat' dir='ltr'>lumine</span> <span class='ocrx_word' id='word_1_214' title='bbox 930 1802 1027 1828; x_wconf 82' lang='lat' dir='ltr'>terrae</span> 
     </span>
     <span class='ocr_line' id='line_1_41' title="bbox 266 1835 1003 1875; baseline 0.016 -12"><span class='ocrx_word' id='word_1_215' title='bbox 266 1835 419 1865; x_wconf 86' lang='lat' dir='ltr'>Imbribus</span> <span class='ocrx_word' id='word_1_216' title='bbox 432 1838 597 1868; x_wconf 85' lang='lat' dir='ltr'>humentes</span> <span class='ocrx_word' id='word_1_217' title='bbox 613 1842 732 1871; x_wconf 89' lang='lat' dir='ltr'>noctis:</span> <span class='ocrx_word' id='word_1_218' title='bbox 751 1843 794 1872; x_wconf 86' lang='lat' dir='ltr'>sic</span> <span class='ocrx_word' id='word_1_219' title='bbox 812 1844 862 1873; x_wconf 90' lang='lat' dir='ltr'>ille</span> <span class='ocrx_word' id='word_1_220' title='bbox 878 1855 1003 1875; x_wconf 85' lang='lat' dir='ltr'>suorum</span> 
     </span>
     <span class='ocr_line' id='line_1_42' title="bbox 265 1884 1040 1929; baseline 0.017 -17"><span class='ocrx_word' id='word_1_221' title='bbox 265 1884 421 1921; x_wconf 83' lang='lat' dir='ltr'>Phoebus,</span> <span class='ocrx_word' id='word_1_222' title='bbox 439 1896 510 1915; x_wconf 85' lang='lat' dir='ltr'>nam</span> <span class='ocrx_word' id='word_1_223' title='bbox 529 1889 621 1918; x_wconf 87' lang='lat' dir='ltr'>talem</span> <span class='ocrx_word' id='word_1_224' title='bbox 638 1891 752 1927; x_wconf 84' lang='lat' dir='ltr'>genius</span> <span class='ocrx_word' id='word_1_225' title='bbox 769 1894 921 1929; x_wconf 88' lang='lat' dir='ltr'>promittit</span> <span class='ocrx_word' id='word_1_226' title='bbox 937 1897 1040 1925; x_wconf 86' lang='lat' dir='ltr'>avitus</span> 
     </span>
     <span class='ocr_line' id='line_1_43' title="bbox 265 1933 1025 1980; baseline 0.018 -20"><span class='ocrx_word' id='word_1_227' title='bbox 265 1933 358 1962; x_wconf 87' lang='lat' dir='ltr'>Hunc</span> <span class='ocrx_word' id='word_1_228' title='bbox 374 1933 448 1970; x_wconf 86' lang='lat' dir='ltr'>fore,</span> <span class='ocrx_word' id='word_1_229' title='bbox 465 1936 515 1972; x_wconf 86' lang='lat' dir='ltr'>qui</span> <span class='ocrx_word' id='word_1_230' title='bbox 533 1947 641 1967; x_wconf 86' lang='lat' dir='ltr'>musas</span> <span class='ocrx_word' id='word_1_231' title='bbox 657 1939 730 1968; x_wconf 86' lang='lat' dir='ltr'>olim</span> <span class='ocrx_word' id='word_1_232' title='bbox 748 1941 913 1972; x_wconf 86' lang='lat' dir='ltr'>virtutibus</span> <span class='ocrx_word' id='word_1_233' title='bbox 930 1951 1025 1980; x_wconf 87' lang='lat' dir='ltr'>ornet,</span> 
     </span>
     <span class='ocr_line' id='line_1_44' title="bbox 267 1982 1017 2027; baseline 0.017 -18"><span class='ocrx_word' id='word_1_234' title='bbox 267 1982 420 2011; x_wconf 84' lang='lat' dir='ltr'>Instauret</span> <span class='ocrx_word' id='word_1_235' title='bbox 438 1993 547 2014; x_wconf 84' lang='lat' dir='ltr'>manes</span> <span class='ocrx_word' id='word_1_236' title='bbox 565 1987 718 2016; x_wconf 77' lang='lat' dir='ltr'>redivivos</span> <span class='ocrx_word' id='word_1_237' title='bbox 734 1995 827 2026; x_wconf 86' lang='lat' dir='ltr'>atque</span> <span class='ocrx_word' id='word_1_238' title='bbox 845 1998 1017 2027; x_wconf 85' lang='lat' dir='ltr'>parentum.</span> 
     </span>
     <span class='ocr_line' id='line_1_45' title="bbox 304 2031 1057 2077; baseline 0.017 -18"><span class='ocrx_word' id='word_1_239' title='bbox 304 2031 464 2062; x_wconf 87' lang='lat' dir='ltr'>Praeterea</span> <span class='ocrx_word' id='word_1_240' title='bbox 480 2035 618 2064; x_wconf 88' lang='lat' dir='ltr'>nondum</span> <span class='ocrx_word' id='word_1_241' title='bbox 636 2037 738 2066; x_wconf 89' lang='lat' dir='ltr'>varios</span> <span class='ocrx_word' id='word_1_242' title='bbox 753 2041 907 2077; x_wconf 83' lang='lat' dir='ltr'>aequabat</span> <span class='ocrx_word' id='word_1_243' title='bbox 924 2042 1057 2072; x_wconf 86' lang='lat' dir='ltr'>honores</span> 
     </span>
     <span class='ocr_line' id='line_1_46' title="bbox 262 2079 1023 2124; baseline 0.017 -17"><span class='ocrx_word' id='word_1_244' title='bbox 262 2079 316 2108; x_wconf 88' lang='lat' dir='ltr'>Ille</span> <span class='ocrx_word' id='word_1_245' title='bbox 332 2081 427 2116; x_wconf 87' lang='lat' dir='ltr'>patris</span> <span class='ocrx_word' id='word_1_246' title='bbox 441 2091 447 2115; x_wconf 80' lang='lat'><em>3</em></span> <span class='ocrx_word' id='word_1_247' title='bbox 466 2081 563 2112; x_wconf 86' lang='lat' dir='ltr'>fuerat</span> <span class='ocrx_word' id='word_1_248' title='bbox 580 2094 647 2114; x_wconf 89' lang='lat' dir='ltr'>sors</span> <span class='ocrx_word' id='word_1_249' title='bbox 664 2086 715 2114; x_wconf 89' lang='lat' dir='ltr'>illa</span> <span class='ocrx_word' id='word_1_250' title='bbox 731 2094 855 2124; x_wconf 84' lang='lat' dir='ltr'>reposta</span> <span class='ocrx_word' id='word_1_251' title='bbox 872 2097 1023 2120; x_wconf 84' lang='lat' dir='ltr'>senectae.</span> 
     </span>
     <span class='ocr_line' id='line_1_47' title="bbox 260 2128 1017 2169; baseline 0.018 -14"><span class='ocrx_word' id='word_1_252' title='bbox 260 2128 375 2164; x_wconf 83' lang='lat' dir='ltr'>Ecquis</span> <span class='ocrx_word' id='word_1_253' title='bbox 389 2131 470 2159; x_wconf 90' lang='lat' dir='ltr'>enim</span> <span class='ocrx_word' id='word_1_254' title='bbox 489 2133 606 2162; x_wconf 86' lang='lat' dir='ltr'>dubitet</span> <span class='ocrx_word' id='word_1_255' title='bbox 623 2144 774 2169; x_wconf 69' lang='lat' dir='ltr'>generoso</span> <span class='ocrx_word' id='word_1_256' title='bbox 791 2138 909 2166; x_wconf 82' lang='lat' dir='ltr'>semine</span> <span class='ocrx_word' id='word_1_257' title='bbox 933 2141 1017 2169; x_wconf 81' lang='lat' dir='ltr'>nasci</span> 
     </span>
    </p>
   </div>
   <div class='ocr_carea' id='block_1_10' title="bbox 1416 214 1452 244">
    <p class='ocr_par' dir='ltr' id='par_1_10' title="bbox 1416 214 1452 244">
     <span class='ocr_line' id='line_1_48' title="bbox 1416 214 1452 244; baseline 0.028 -1"><span class='ocrx_word' id='word_1_258' title='bbox 1416 214 1452 244; x_wconf 74' lang='lat'>23</span> 
     </span>
    </p>
   </div>
  </div>
 </body>
</html>
