1903 2724
579 226 733 249 THOMAS
758 226 964 250 DEMPSTER.

1403 225 1439 257 53

94 306 156 338 ΙΙΙ.
191 306 451 338 DIVINATIO
491 306 558 337 AD
591 306 1008 343 AUGUSTISSIMUM,
1045 305 1441 337 l’O'slfiNTISfflMUM

90 959 124 978 10

93 1204 124 1234 Ι5

90 1453 126 1470 20

91 1942 129 1970 30

93 2186 130 2215 35

506 359 671 390 REGEM
711 359 929 390 IACOBUM
965 359 1023 389 Vl.

503 434 627 464 [Daritim
641 435 775 458 Poetarum
790 435 926 461 Scotorum,
943 433 956 457 i,
970 435 1039 463 3221

291 508 414 545 Ergone
431 509 588 537 damnatis
604 518 662 545 ego
679 508 777 537 sidera
795 518 883 537 versa
899 507 1031 545 querelis

293 558 436 594 Exagito,
454 558 578 596 votique
595 568 665 588 reus
681 563 726 587 ter
743 559 835 587 surda
852 558 972 586 lacesso

291 607 440 642 Numina,
459 618 514 637 nec
530 608 628 645 patrio
644 608 760 637 dudum
778 607 922 636 exaudita
938 606 1073 635 Tonanti

289 656 368 684 Vota
386 667 551 694 precesque
568 659 677 686 meae?
722 657 805 685 Dum
823 662 909 685 sexta
926 656 1074 691 recolligit
1092 655 1180 691 ignes

289 704 434 742 Cynthia,
452 716 500 734 me
518 715 584 734 sors
600 705 756 734 frustratis
772 705 958 741 ambagibus
974 709 1076 733 actum

291 753 429 783 Distinet
445 765 462 783 a
479 755 601 789 studiiS‚
618 760 647 784 et
665 764 718 792 spe
735 754 890 783 blanditur
907 753 1006 788 inerti,

291 803 329 831 Et
347 803 447 833 famae
464 804 572 833 illudit.
618 805 706 843 Quae
722 809 791 833 trux
807 803 918 831 iniuria
940 803 1039 831 dirum

292 851 447 880 Praestitit
464 852 623 882 officium?
667 853 729 881 Cur
744 852 825 889 regis
842 861 930 880 versa
947 851 1092 879 voluntas

288 900 368 929 Tam
385 902 488 930 subito
504 911 587 937 casu,
601 907 784 939 sperataque
800 901 900 937 gratia
917 900 1011 935 fluxit,

290 950 330 978 Et
347 960 441 988 prope
457 951 621 980 destituit?
664 951 786 980 Thema
803 961 877 979 num
895 949 1074 987 genitabilis
1091 950 1183 978 horae

289 999 428 1034 Obstitit,
447 1000 594 1037 inscripto
610 999 704 1029 facies
720 1006 750 1029 et
767 1000 894 1028 dissona
910 1000 1006 1035 caelo,

290 1048 424 1078 Lumine
441 1059 515 1078 num
534 1050 641 1078 stellae
658 1055 766 1078 natum
784 1049 885 1078 videre
903 1049 1065 1085 maligno?

291 1097 350 1126 Sed
368 1098 443 1126 mihi
462 1099 557 1134 Mars,
575 1099 628 1128 sed
647 1099 828 1134 Mercurius,
846 1099 899 1128 sed
917 1098 1033 1135 Iupiter
1049 1107 1099 1126 ore

292 1147 399 1183 Regali
416 1157 520 1176 carum
539 1148 690 1185 promittit
706 1148 830 1185 regibus
846 1153 958 1182 ortum,

292 1197 504 1234 Nascentique
520 1197 629 1226 favens
646 1198 820 1235 spatiosum
837 1198 964 1226 circinat
981 1197 1095 1226 orbem.

291 1247 435 1276 Carmine
451 1257 490 1276 an
507 1247 626 1276 offensa
643 1252 700 1282 est,
716 1252 745 1276 et
763 1253 835 1276 sunt
852 1248 928 1276 haec
946 1251 1046 1276 vestra
1065 1255 1184 1275 sorores

291 1295 429 1324 Crimina
447 1297 592 1332 Pierides,
609 1306 686 1333 quas
702 1296 780 1325 falsa
797 1296 930 1325 intexere
947 1295 1063 1325 chartis

292 1345 363 1374 Non
381 1346 500 1382 puduit,
517 1345 694 1375 mentitoris
710 1351 739 1374 et
756 1346 861 1375 inania
878 1346 968 1374 biblis

291 1393 454 1423 Condere?
495 1394 556 1423 Ter
572 1394 679 1431 magni
696 1395 748 1424 sed
766 1404 836 1423 vera
852 1394 995 1423 encomia
1012 1394 1093 1431 regis

293 1442 412 1479 Pagina
429 1448 535 1472 nostra
551 1444 669 1478 habuit,
687 1443 825 1480 nullique
841 1444 974 1473 obnoxia
991 1443 1060 1472 fuco

292 1491 441 1527 Nomina,
459 1502 536 1529 quae
554 1497 698 1530 poterunt
715 1492 772 1521 seri
789 1493 913 1522 laudare
931 1498 1069 1530 nepotes,

292 1541 380 1579 Quae
396 1541 510 1570 frustra
525 1547 660 1571 attentat
677 1542 753 1571 livor
769 1541 929 1571 furialibus
945 1543 1042 1576 ausis,

293 1590 380 1619 More
396 1591 562 1628 gigantaeo
578 1596 734 1620 temerans
750 1591 898 1620 caelestia
918 1590 1043 1628 linguis.

294 1638 448 1676 Principis
465 1649 546 1668 anne
562 1639 687 1668 animus
705 1640 807 1668 Musis
824 1649 963 1674 aversus⁷
980 1645 1010 1668 et
1027 1639 1078 1667 illa

297 1688 407 1717 Sordet
422 1688 574 1718 honorato
590 1699 669 1725 quae
686 1689 828 1726 splendet
844 1689 989 1726 Apolline
1001 1694 1102 1717 turma
1115 1689 1126 1717 ?

294 1737 451 1774 Nullaque
467 1738 572 1766 virtuti
590 1743 769 1767 statuuntur
785 1738 922 1775 praemia
937 1738 1055 1775 digna?

295 1786 501 1823 Calcataeque
517 1787 617 1816 iacent
634 1787 728 1815 nullis
743 1793 773 1816 et
789 1787 960 1816 honoribus
976 1788 1081 1816 artes?

294 1835 422 1864 Vindice
438 1845 516 1872 quae
534 1845 659 1865 suevere
676 1836 728 1865 illo
743 1842 835 1873 caput
852 1841 923 1865 ante
940 1837 1048 1871 levare,

296 1884 397 1913 Unica
415 1891 443 1913 et
455 1894 472 1912 a
488 1885 578 1913 cunis
593 1895 665 1914 cura
682 1891 729 1914 est
745 1886 880 1914 coluisse
897 1886 1063 1919 Camenas,

296 1933 335 1961 Et
352 1933 529 1971 quicunque
546 1944 632 1963 sacro
648 1935 762 1963 delibat
779 1934 863 1963 fonte
879 1935 1028 1971 liquorem

294 1981 487 2019 virgineum,
505 1988 557 2011 aut
573 1989 658 2012 casta
675 1984 890 2021 complectitur
906 1983 1000 2020 Orgia
1018 1987 1130 2012 mente.

295 2030 343 2058 An
361 2031 441 2059 male
456 2031 612 2068 displicuit
629 2031 761 2061 fortasse
777 2032 922 2068 ignobilis
939 2037 1033 2065 ortus,

297 2079 581 2117 Contemptumque
597 2090 706 2118 genus,
723 2081 803 2110 curis
820 2081 974 2117 regalibus
991 2080 1089 2116 impar

297 2128 528 2166 Indignumque
545 2129 629 2167 legi?
676 2131 736 2159 Sed
753 2130 836 2159 enim
853 2129 1026 2159 clarissima
1042 2128 1145 2166 gentis

299 2176 363 2205 Fax
380 2177 456 2206 mihi
473 2178 655 2215 praeradiat,
673 2178 832 2215 titulisque
849 2178 983 2215 insignis
999 2177 1091 2206 avitis
