1903 2724
76 349 131 377 205

83 595 141 614 210

77 839 132 868 ²15

82 1087 139 1106 220

80 1333 137 1362 ²²5

83 1579 139 1607 230

83 1827 138 1856 ²35

653 209 702 239 JOI
710 208 744 231 ΙΝ
773 208 859 231 Row.

323 291 380 318 Est
398 291 495 327 Lupa,
516 291 667 319 Romulea
683 290 764 318 celsa
781 298 859 326 quae
877 294 985 324 regnat
1002 289 1032 316 in
1050 289 1130 317 urbe.

321 339 476 376 Opposuit
492 339 596 368 vaccis
615 338 727 367 Pharia
743 339 850 366 tellure
866 343 1018 374 tyrannus

323 388 374 417 Sic
389 398 511 423 vaccas,
529 387 624 425 spicis
641 387 684 416 sic
702 387 804 424 spicas
821 387 948 416 devorat
965 387 1057 415 idem.

320 438 455 466 Devoret
471 443 499 466 et
516 437 666 474 triplicem
684 436 795 465 falsam
812 441 865 464 tua
882 445 951 464 vera
969 445 1126 469 coronam,

316 486 439 523 Anguis
455 492 488 515 ut
504 486 658 515 Amradae
673 490 801 515 cunctos
817 485 961 521 deglutiit
976 495 1097 521 angues

324 536 505 573 Praestigiis
521 536 663 573 genitos:
683 545 855 572 carnesque
872 536 1014 564 leonibus
1032 535 1092 563 illis

325 584 426 614 Trade
444 585 550 623 Lupae
566 585 725 614 Ausoniae
742 585 916 619 laniandas,
934 585 1026 613 hasce
1044 584 1194 613 Molossis

325 634 410 663 Dede
426 634 498 669 tuis,
515 644 624 663 cenam
642 634 716 671 puta
732 639 853 671 gratam
870 634 1015 663 dentibus
1032 633 1110 661 istis.

320 682 497 712 Unanimes
513 683 657 720 quamvis
673 683 852 720 conspirent
868 684 956 711 turba
973 688 1089 718 togata,

320 731 407 760 Haec
423 731 518 769 Tyrio
534 731 679 768 quamvis
695 737 780 761 ostro
797 732 844 761 vel
863 732 977 760 murice
996 731 1120 764 amicta,

320 781 485 818 purpureis
502 781 610 809 induta
627 781 696 809 licet
714 780 754 809 sit
770 781 920 816 vestibus,
942 781 1034 809 istam

321 830 407 858 Exue
423 835 510 859 veste
528 830 660 867 Lupam,
679 829 831 866 triplicem
848 830 975 858 detrude
991 838 1138 858 coronam

320 878 529 916 Temporibus
546 879 662 913 sacris;
687 884 791 916 portas
807 884 837 908 et
855 879 978 908 moenia
998 879 1118 907 Romae

318 927 420 957 Ariete
437 928 604 965 percrebro,
623 928 730 957 missis
746 934 776 957 et
793 929 918 965 pulvere
935 928 1077 965 sphaeris

320 977 495 1014 Sulphureo
511 976 658 1014 effringas
673 987 678 1006 1
705 978 811 1006 urbem
829 977 991 1006 obsidione
1009 979 1146 1014 perarcta

318 1026 504 1063 Ἑπτάλοφον
518 1027 628 1063 cingas
643 1038 649 1056 ;
673 1027 833 1064 inceptum
851 1027 962 1064 perfice
979 1032 1122 1064 coeptum

324 1075 373 1105 Tu
389 1077 477 1105 ducis
492 1076 595 1105 eximii
613 1075 711 1105 fuerat
728 1077 775 1105 cui
794 1086 908 1106 nomen
926 1076 1079 1113 Adolpho.

320 1125 408 1154 Aude
425 1125 480 1154 iter
496 1125 656 1162 egregium
673 1137 678 1155 :
700 1126 811 1154 Carlus
829 1126 894 1154 Rerx¹
910 1125 998 1155 fortis
1015 1131 1045 1154 et
1061 1135 1130 1154 acer

324 1174 462 1209 Dicitur;
484 1175 532 1203 hic
548 1174 602 1203 tibi
621 1174 683 1203 sint
699 1175 782 1203 verbi
800 1175 963 1213 Cynosura
980 1175 1124 1212 perennis

325 1224 492 1261 Dogmata,
510 1224 643 1253 sulcanti
661 1225 768 1253 latices
785 1225 838 1254 tibi
856 1225 919 1253 sint
938 1225 1058 1253 Pharus
1075 1225 1147 1253 alta.

324 1274 384 1303 His
399 1275 529 1303 ducibus
545 1274 598 1303 tibi
618 1280 723 1311 surget
740 1275 848 1309 honos,
865 1275 942 1303 duce
958 1273 1085 1304 flamine
1102 1283 1188 1303 sacro

325 1323 424 1360 Carpe
440 1325 523 1352 viam
539 1328 568 1352 et
585 1323 657 1352 satis
673 1329 734 1352 tete
750 1323 947 1352 venientibus
963 1323 1045 1353 offer.

322 1372 425 1401 Aurea
442 1372 567 1401 Saturni
585 1372 744 1401 revocabis
761 1373 864 1401 secula
880 1373 970 1408 veris,

327 1422 448 1450 Rudera
464 1421 489 1450 si
507 1427 632 1451 nostrae
648 1423 736 1451 detur
753 1431 893 1459 reparare
908 1421 1048 1451 Tzionis.

321 1470 434 1499 Gliscit
450 1471 642 1508 apostaticae
658 1470 756 1500 facilis
774 1471 921 1508 contagio
939 1476 1050 1504 sectae,

319 1519 658 1549 Bella-mimzns-armis
674 1521 804 1549 comites
820 1525 925 1549 tantos
940 1525 986 1548 tot
1002 1521 1142 1557 adeptus,

327 1569 426 1606 Impia
443 1569 473 1598 in
490 1570 549 1598 hoc
565 1569 681 1598 Christi
699 1579 828 1607 regnum
845 1569 987 1598 coniurat
1006 1569 1077 1598 Iesu

323 1617 438 1653 Turba,
454 1619 626 1656 cohorsque
643 1618 756 1647 famem
773 1619 898 1647 caedem
916 1628 950 1647 ac
966 1628 1053 1647 arma
1070 1619 1224 1648 minatur:

326 1668 533 1706 Gangraenae
549 1678 583 1697 ac
600 1668 698 1696 instar
714 1669 806 1705 longe
822 1668 968 1705 contagio
985 1674 1087 1697 sectae

328 1718 508 1747 Damnosae
524 1718 628 1756 serpit.
672 1718 807 1757 Quantis
825 1728 984 1748 versamur
1001 1718 1030 1746 in
1049 1717 1161 1747 arctis!

403 1767 510 1804 Teque
527 1767 587 1805 poli
604 1773 677 1796 voto
693 1773 913 1796 ter-summum
933 1767 1071 1805 supplice
1088 1776 1201 1804 regem,

405 1817 512 1854 Teque
528 1817 585 1846 soli
602 1827 705 1855 regem
722 1823 934 1855 ter-magnum
951 1827 1025 1846 voce
1042 1826 1190 1854 rogamus

406 1867 560 1904 Supplice,
578 1867 715 1904 digneris
731 1867 847 1896 nostris
864 1876 1040 1895 succurrere
1057 1867 1166 1902 rebus3

407 1917 622 1953 Patronusque
640 1916 758 1945 Parens
777 1917 909 1945 Scholae
929 1916 1067 1953 Regalis,
1085 1915 1243 1943 Alumnus

406 1965 529 1999 Almus,
546 1965 712 2003 Gymnasii
729 1965 808 1994 fotor
825 1964 987 2002 fautorque
1004 1974 1148 2002 praeesse

408 2014 556 2052 Digneris
571 2014 678 2052 lapsas
694 2015 720 2043 O
739 2015 803 2043 Rex
819 2015 990 2052 reparando
1006 2014 1122 2042 ruinas.

579 2091 673 2120 Vivat
691 2092 756 2120 Rex
773 2092 902 2120 Carolus
920 2091 960 2120 11.

720 2140 818 2168 Finis.

1383 208 1398 238 Ο)

1428 207 1443 237 Lm
