1903 2724
638 215 734 247 νιωιιῐκῐ
764 215 848 239 KER.
1363 218 1417 240 211

65 305 100 333 45
309 295 455 334 Quosque
472 295 565 324 duces
582 295 677 324 nostri
694 295 839 324 custodes
856 304 967 331 ponere
984 295 1099 323 vellent

349 345 408 372 His
425 344 519 379 libris,
536 344 621 373 auxit
638 353 764 373 munere
781 344 886 381 largus
904 343 981 380 opis,

309 394 347 422 Et
364 395 443 431 quod
460 394 522 422 alat
539 394 676 426 iuvenes,
694 393 805 421 studiis
821 402 856 421 ac
872 393 991 421 artibus
1008 398 1109 430 aptos,

349 443 532 479 Ingeniique
549 443 630 477 boni,
647 443 778 472 contulit
796 442 846 471 ille
863 442 972 476 bonus,

308 492 372 520 Nec
389 501 438 520 me
454 492 633 520 muneribus
651 492 749 520 solam
766 492 922 520 cumulare
943 491 1078 526 iuvabat,

65 550 101 578 50
349 541 458 569 Multis
475 541 524 569 ille
540 541 609 569 aliis
627 541 759 578 plurima
775 541 857 569 dona
874 540 975 575 dedit;

308 590 347 618 Et
364 595 468 618 tamen
486 590 602 618 interea
618 595 769 627 cognatos
787 600 884 627 usque
901 590 1032 624 colebat,

347 640 417 677 Quo
434 648 487 675 par
502 644 548 667 est
564 649 658 668 censu
674 639 852 676 divitiisque
871 640 975 668 beans.

308 688 378 716 Non
397 688 463 721 sibi,
481 697 558 724 quae
577 688 697 717 Natura
712 689 794 717 dolet
812 689 942 723 sublata,
961 689 1115 725 negabam

348 737 487 765 Nummo
503 738 584 766 haud
602 738 800 774 posthabitus
817 738 906 775 panis
924 738 1054 774 olusque
1072 737 1136 767 fuit.

63 795 97 823 55
308 785 388 814 Huic
406 785 444 814 Di
462 785 595 821 divitias,
614 786 685 815 huic
703 786 742 814 Di
760 786 893 815 tribuere
911 786 1028 815 fruendi

346 835 469 870 Artem;
494 844 556 863 non
572 835 642 863 aliis
659 844 714 864 nec
732 835 807 863 mihi
827 835 951 872 iniquus
969 841 1041 866 erat.

307 883 399 916 Hinc,
416 884 496 917 hine,
513 884 638 919 divitiis,
657 884 700 912 uti
718 884 876 913 condiscat
894 882 1009 913 accrvi'

347 933 498 969 Prodigus
514 933 679 962 immensi:
703 933 800 962 diseat
817 943 938 967 avarus,
957 934 1054 971 inops.

309 982 425 1019 Inclyte
443 982 574 1016 Fraseri,
593 982 753 1011 Musarum
771 983 907 1011 maxima
926 993 1006 1019 curu,

63 1034 100 1060 60
348 1031 518 1067 Degeneris
535 1032 627 1060 saecli
646 1032 725 1065 laus,
743 1032 835 1060 simul
853 1033 1051 1069 opprobrium
1066 1044 1072 1067 3

305 1080 361 1108 Cui
382 1081 466 1109 Deus
484 1081 639 1109 incoctum
657 1090 810 1117 generoso
828 1086 934 1118 pectus
951 1082 1084 1110 honesto

347 1130 471 1164 Indidit,
489 1131 593 1159 ardere
609 1140 644 1159 ac
661 1130 751 1158 iussit
767 1140 871 1159 amore
889 1130 947 1165 sui,

306 1180 452 1216 Flagrare
468 1185 497 1208 et
514 1180 616 1208 studio
633 1180 775 1208 virtutem
795 1180 886 1208 iussit
903 1180 933 1208 iu
950 1190 1088 1213 omnem,

349 1230 568 1266 lngenuasque
585 1234 677 1264 artes,
695 1229 895 1266 Pieridesque
912 1239 1026 1264 sacras,

62 1282 97 1316 65
305 1279 401 1317 Queis
416 1288 475 1315 ego
491 1284 520 1307 te
537 1278 673 1306 lacrimis
690 1278 817 1314 plorem,
835 1278 1016 1307 dulcissime
1034 1278 1086 1309 fili,

347 1328 482 1364 Raptum
500 1329 526 1355 O
544 1327 742 1363 praesidium,
760 1327 949 1364 deliciaeque
966 1329 1071 1356 meae!

306 1377 414 1406 Obruit
430 1386 482 1405 ora
499 1376 601 1404 dolor!
625 1386 684 1404 vox
699 1376 796 1405 eheu!
821 1375 961 1405 saucibus
979 1378 1083 1406 haeret
1098 1388 1103 1409 ;

344 1426 464 1462 Vixque
481 1426 562 1454 valet
583 1425 723 1453 titubans
740 1425 847 1461 lingua
864 1424 973 1454 referre
990 1435 1094 1455 sonos.

304 1475 377 1509 Vos,
394 1475 506 1512 quibus
522 1479 569 1503 est
586 1474 683 1502 nostri
700 1475 842 1502 custodia
858 1474 981 1508 credita,
1002 1475 1144 1511 planctus

65 1536 99 1562 70
347 1524 454 1553 Edite:
478 1529 543 1552 tota
559 1529 664 1560 gemat
681 1532 763 1551 nunc
780 1524 921 1552 studiosa
937 1524 1060 1552 cohors.

306 1574 441 1602 Sanctus
457 1573 544 1601 abest
560 1572 698 1609 genitor;
723 1572 770 1600 cui
791 1572 859 1608 quis
877 1572 1050 1601 similemve
1067 1582 1212 1609 paremve

346 1622 485 1650 Millibus
503 1621 532 1649 in
550 1621 657 1650 multis
674 1621 725 1649 vix
742 1621 873 1658 reperire
890 1626 992 1658 queat.

307 1673 423 1709 Ingens
441 1672 490 1700 ille
506 1671 602 1708 opifer
617 1671 668 1708 qui
685 1671 774 1699 vobis
793 1671 926 1699 restituit
944 1681 1007 1699 rern

346 1722 501 1759 Lapsam;
525 1721 681 1749 labentem
699 1720 784 1748 fulsit
800 1725 830 1749 et
846 1721 923 1748 alter
938 1720 1038 1750 Atlas.

65 1783 98 1811 75
307 1771 441 1807 Pervigil
459 1771 489 1798 in
507 1770 642 1807 priscum
660 1769 796 1797 mundus
813 1769 1009 1798 reviresceret
1027 1779 1147 1803 aurumy

349 1819 452 1847 Huius
469 1819 506 1846 ad
523 1818 699 1855 exemplum
717 1827 749 1846 se
766 1818 858 1846 modo
874 1818 1005 1854 quisque
1022 1823 1116 1853 regat.

309 1868 469 1897 Donaides
485 1877 582 1902 carae,
601 1867 702 1903 passis
719 1871 880 1903 properate
896 1866 1015 1903 capillis

352 1917 492 1946 Fraserio
509 1916 664 1953 exequias,
682 1916 764 1944 iusta
780 1916 899 1950 decora,
917 1915 976 1952 pio.

131 2021 170 2043 60.
191 2020 246 2042 The
266 2027 355 2042 source
373 2019 402 2042 of
417 2019 467 2041 this
486 2018 592 2041 familiar
611 2018 765 2048 expression,
779 2017 841 2040 used
860 2017 892 2047 by
908 2017 975 2047 Pope
995 2017 1084 2047 (Essuy
1102 2024 1131 2039 on
1146 2015 1280 2043 Criticism,
1295 2015 1310 2038 l.
1324 2016 1389 2044 693).
1403 2016 1432 2038 os

67 2060 197 2091 Erasmus,
217 2068 324 2091 appears
345 2065 370 2082 to
391 2060 422 2083 be
443 2059 483 2083 Sir
503 2059 604 2089 George
627 2058 801 2081 Mackenzie's
823 2062 837 2071 ‘⁴
850 2058 982 2081 Momrox
1005 2058 1042 2080 hi<
1065 2056 1209 2080 Countrie's
1230 2056 1306 2086 Glory
1327 2056 1375 2079 :md
1398 2056 1429 2079 its

69 2102 186 2125 Shame'*
202 2102 331 2133 (NVatson,
344 2102 413 2125 Scots
429 2102 522 2128 Pocms,
537 2105 592 2131 part
607 2100 631 2123 ii.
646 2108 669 2130 p.
683 2101 722 2129 55,
740 2100 819 2130 1709).

129 2150 167 2173 75.
186 2143 250 2166 Text
264 2144 310 2166 has
324 2143 490 2166 revirusscret‘.
528 2142 577 2165 But
589 2141 622 2172 rs.
637 2143 665 2170 83
679 2142 728 2164 and
742 2141 876 2169 Danaidcs,
890 2148 927 2170 94.
