1883 2730
442 211 505 241 444

443 399 480 425 90

440 643 474 671 95

444 889 496 906 100

442 1132 491 1159 ¹05

442 1379 446 1396 1
463 1380 493 1396 14)

441 1623 491 1650 115

443 1869 494 1886 120

841 211 866 234 M
872 211 937 235 USA
962 210 1071 235 LATIN
1077 211 1099 234 A
1125 210 1217 234 ABER
1222 209 1402 234 DONENSIS.

686 291 830 321 Reddidit
847 292 998 321 illustrem
1016 292 1128 330 pariter
1143 292 1289 329 caeloque
1305 291 1443 328 soloque.

685 341 800 369 Clausa
817 341 928 370 domus
945 351 1105 378 nunquam
1123 340 1255 374 miseris,
1273 341 1326 369 sed
1343 349 1466 377 semper
1480 339 1602 378 asylum

685 390 847 425 Praesens,
865 396 956 427 atque
973 391 1056 428 inopi
1073 391 1163 419 rebus
1179 390 1319 418 solamen
1336 389 1366 418 in
1383 389 1476 418 aretis

685 439 822 476 Semper,
840 440 1008 469 Amaltheo
1025 449 1216 476 promanans
1231 439 1326 468 divite
1341 448 1446 468 cornu.

682 488 827 525 Alloquio
843 498 959 524 gnarus
974 489 1107 517 mulcere
1123 493 1152 516 et
1168 487 1289 516 flectere
1305 493 1434 516 mentesa

685 536 768 565 Hinc
784 537 889 565 animo
905 547 939 566 ac
955 537 1041 566 vultu
1059 546 1209 573 generoso
1225 536 1368 572 affabilis,
1385 541 1477 573 atque

684 585 791 614 Comis
808 591 989 615 cunctorum
1007 586 1064 614 sibi
1082 586 1258 615 conciliavit
1275 595 1422 614 amorem.

681 635 762 673 Quid
779 635 859 671 quod
876 644 950 672 opes
970 636 1047 664 Iuno
1064 635 1193 664 indulsit
1211 635 1358 664 Saturnia
1374 633 1531 671 magnas?

684 684 851 713 Innuniera
866 689 895 713 et
912 685 991 713 laetii
1009 684 1155 714 flaventia
1172 686 1277 722 iugera
1294 685 1420 714 messe?

682 731 782 760 Maior
797 738 828 760 at
845 732 893 761 his
910 733 1008 761 virtus
1024 732 1121 762 suerat
1138 743 1216 770 quae
1233 733 1338 762 nescia
1355 733 1447 767 vinci,

681 781 828 819 Quaeque
845 781 946 818 ipsum
964 791 1086 819 semper
1101 782 1204 811 docuit
1221 781 1395 820 praesentia
1411 787 1503 811 cauto

682 830 792 865 Moliri,
810 835 839 859 et
857 831 997 867 prudenti
1015 831 1121 859 animo
1137 840 1270 868 curaque
1287 831 1391 868 sagaci

683 879 823 908 Eventus
841 889 939 908 rerum
958 880 1069 908 dubios
1084 889 1238 917 casusque
1255 879 1374 909 futuros

682 929 867 966 Prospicere,
885 935 978 966 atque
994 930 1100 958 animo
1117 930 1246 958 inemori
1263 936 1419 959 transacta
1436 929 1553 960 referre.

683 978 785 1014 thue
801 983 864 1013 tuo,
883 979 908 1007 O
927 979 1040 1014 Pallas,
1058 979 1156 1016 clipeo
1173 979 1363 1016 septemplici
1383 979 1514 1008 Perseus

679 1027 836 1062 Gorgonis
853 1028 1039 1056 horrendum
1058 1028 1220 1057 stridentia
1235 1028 1313 1056 colla
1329 1028 1464 1057 colubris

683 1076 848 1111 Dissecuit,
867 1077 910 1105 sie
926 1077 985 1111 ille,
1003 1083 1057 1106 tuo
1074 1087 1160 1106 sacra
1177 1083 1257 1106 tecta
1273 1077 1405 1106 dicando

682 1125 850 1159 Praesidio,
867 1126 1010 1154 tenebras
1027 1127 1188 1162 generosis
1205 1126 1333 1163 dispulit
1349 1132 1433 1155 atras

681 1174 800 1202 Horum
820 1175 1005 1211 pectoribus,
1022 1175 1072 1212 qui
1091 1185 1148 1204 nos
1164 1181 1193 1204 et
1209 1181 1314 1204 nostra
1332 1185 1384 1212 per
1399 1185 1510 1204 onmes

682 1223 837 1252 Diffudere
854 1224 963 1260 plagas
980 1224 1115 1259 inventa,
1133 1230 1162 1253 et
1179 1230 1268 1253 nocte
1285 1225 1410 1262 perenni

680 1272 847 1301 Cimmeria
866 1282 985 1302 mersos
1002 1273 1158 1302 illustrant
1175 1274 1292 1302 lumine
1309 1283 1406 1302 sacro.

680 1321 816 1350 Uraniae
833 1322 904 1351 hinc
920 1328 1005 1351 ortus
1022 1323 1246 1360 'I'hemidisque
1262 1329 1290 1352 et
1307 1324 1417 1352 doctus
1436 1323 1592 1361 Hygieiae

680 1370 854 1407 Mystarum
873 1381 1030 1403 numerus,
1047 1372 1140 1400 cinxit
1157 1372 1203 1400 cui
1222 1378 1360 1409 tempora
1377 1373 1533 1408 quondam

682 1419 768 1448 Haec
785 1420 897 1448 domus
913 1426 1038 1449 aeterno
1055 1421 1130 1449 lauri
1148 1421 1310 1449 viridantis
1327 1421 1463 1450 honore:

681 1469 768 1506 Quos
784 1469 832 1497 vel
851 1469 1018 1506 Cecropiae
1036 1470 1170 1505 laudent,
1188 1475 1217 1498 te
1235 1469 1342 1505 iudice,
1359 1470 1510 1500 Athenae.

682 1517 777 1553 Inque
793 1518 859 1546 dies
875 1518 988 1546 domus
1004 1519 1078 1547 haec
1095 1519 1214 1551 crescit,
1231 1524 1408 1555 crescetque
1424 1519 1560 1555 benigno

681 1565 829 1600 Numine,
847 1572 879 1595 ut
895 1567 1013 1596 arborei
1031 1566 1131 1596 foetus
1148 1568 1341 1604 hederaeque
1359 1577 1515 1604 sequaces⁴

680 1614 750 1642 lleu
768 1614 906 1644 deflende
923 1617 1030 1644 heros!
1055 1626 1107 1645 cur
1123 1623 1152 1645 te
1168 1622 1232 1644 tam
1249 1617 1323 1644 dura
1341 1617 1476 1646 tulerunt

679 1663 819 1698 Saecula,
836 1674 889 1692 cur
904 1665 982 1692 tanti
999 1665 1091 1693 talem
1109 1674 1242 1701 genuere
1259 1671 1402 1702 parentes
1418 1665 1428 1694 ?

680 1712 769 1741 Anne
785 1713 869 1749 gravi
887 1719 919 1741 ut
936 1713 1025 1750 cippo
1041 1714 1113 1742 satis
1129 1714 1272 1742 condaris
1288 1714 1403 1750 iniquis

679 1761 758 1789 Ante
774 1761 866 1796 diem,
884 1772 953 1790 curn
971 1763 1031 1790 iam
1050 1766 1160 1799 vegetii
1177 1769 1206 1791 et
1223 1763 1374 1792 viridante
1391 1767 1515 1792 senecta]

680 1811 828 1844 Flore-res,
845 1813 997 1848 carpenda
1015 1811 1113 1841 forent
1129 1822 1199 1840 cuin
1217 1812 1318 1841 dulcia
1335 1813 1416 1841 vitae

680 1860 802 1888 Gaudia
819 1861 1008 1897 praeteritae,
1027 1871 1098 1898 spes
1113 1871 1182 1890 cum
1202 1863 1369 1898 spectanda
1386 1867 1508 1890 tuorum

681 1908 842 1943 Natorum,
860 1914 889 1937 et
906 1909 969 1938 nati
986 1910 1093 1945 quales
1110 1915 1278 1938 nascantur
1293 1911 1331 1938 ab
1347 1910 1433 1938 illis?

678 1958 704 1984 <)
721 1966 812 1992 quain
831 1962 859 1986 tc
876 1958 1003 1986 memori
1021 1957 1145 1987 deflebit
1161 1964 1284 1995 postera
1300 1963 1404 1987 mente

676 2004 786 2032 Aetas!
813 2006 937 2043 Quanta
953 2006 1015 2034 tuis
1030 2012 1173 2042 assurget
1189 2007 1286 2042 gloria
1302 2007 1392 2035 rebus
1408 2007 1412 2035 !

680 2053 738 2081 His
754 2054 853 2085 dictis.
872 2054 1016 2084 Phoebus
1033 2056 1158 2084 tandem
1176 2056 1219 2084 sic
1235 2065 1286 2084 ora
1304 2056 1437 2086 resolvit.

677 2102 778 2131 Altius
795 2103 875 2132 haud
893 2104 989 2138 vobis,
1010 2104 1118 2138 Divae,
1137 2105 1192 2132 sub
1211 2109 1331 2141 pectore
1347 2105 1434 2134 triste

679 2151 790 2179 Fatum
808 2162 900 2188 quain
919 2153 1008 2181 nobis
1025 2159 1129 2182 manet
1147 2154 1212 2188 hoc,
1231 2159 1429 2190 mentemque
1445 2155 1607 2187 remordet,
