1903 2724
586 208 683 239 JOHN
709 208 915 239 JouNSTON.
1381 214 1433 243 141

634 288 695 319 ΠΙ.
724 288 889 319 DAVID.

138 348 258 372 Gulielmi
273 348 349 379 Regis
361 349 442 377 frater,
456 356 536 379 nepos
551 349 640 378 Magni
659 348 725 372 illius
739 349 818 372 nostri
838 348 945 372 Davidis
960 349 1046 379 Regis,
1066 357 1124 373 cuin
1146 350 1273 374 Richzirdo
1295 352 1311 375 l.
1332 352 1439 381 Angliac

74 389 143 420 Rege
162 389 185 412 in
199 389 298 420 Syriam
317 390 451 420 profectus.
464 390 571 414 infinitis
587 390 712 421 superatis
730 390 854 421 periculis,
867 390 899 414 ad
913 390 1036 417 Alectum,
1051 392 1171 419 Aeneiae,
1185 392 1236 415 sive
1249 393 1389 423 Angmiac,
1403 393 1438 416 in-

72 431 180 454 columis
192 431 327 462 expositus,
341 431 363 455 ei
377 431 430 455 urbi
445 431 554 455 Deidoni
573 438 667 455 nomen
679 431 782 455 dedisse
799 431 931 459 scribitur;
950 439 1026 462 quam
1045 433 1077 455 G.
1098 432 1271 456 Bucliananus
1291 434 1314 456 in
1334 434 1440 458 historia

73 479 128 499 sua,
146 477 247 496 secutus
264 473 339 497 situm
357 473 414 502 loci,
433 473 587 498 Taodunum
606 473 700 504 passim
719 473 838 505 appellat,
853 473 884 496 ab
902 481 978 497 amne
997 473 1082 498 vicino
1100 480 1125 498 et
1144 480 1242 499 monte.
1278 476 1357 499 Facta
1375 476 1439 500 haec

73 513 185 537 scribunt
198 513 278 537 nostri
290 514 357 538 circa
370 515 473 538 Annum
487 514 581 538 Christi
597 522 667 545 1¹94·

319 580 406 610 Mille
422 591 475 618 per
489 581 639 610 adversos
655 591 759 616 casus,
777 591 830 619 per
846 581 930 611 mille
948 582 1070 618 pericla,

360 630 471 659 Mortis
487 639 545 666 ego
561 629 693 659 infestas
709 640 804 667 cogor
819 631 902 660 adire
918 631 996 660 vias.

315 679 501 716 Aestusque‚
520 680 699 716 Oceanique
715 680 830 714 minas,
849 681 1069 718 horrentiaque
1086 687 1180 716 astra,

360 729 399 757 Et
416 729 507 758 didici
525 729 626 766 pelagi
645 729 722 758 scire
739 739 851 766 pavere
868 730 952 759 deos

70 785 86 815 5
315 778 489 807 Bellantem
508 779 631 816 Syriam
648 788 701 816 per
717 778 869 815 naufraga
886 779 990 808 littora
1014 780 1108 814 adivi,

356 827 467 856 Niliaci
484 832 610 864 captum
629 837 701 856 mox
720 827 791 856 tulit
807 837 861 857 ora
878 828 945 857 soli.

314 877 450 910 Vendor,
465 886 549 913 agor,
568 876 678 913 rapior,
695 882 822 914 totoque
838 877 991 906 exercitus
1007 878 1080 907 orbe

355 926 551 955 Perdideram
569 930 694 960 memet,
712 926 969 963 perdiderantque
987 927 1058 955 mei.

316 975 464 1004 Arridens
480 975 601 1004 caelum
619 975 731 1012 eripuit
748 980 793 1004 tot
810 976 971 1010 mortibus)
990 981 1019 1005 et
1037 977 1097 1004 iam

75 1033 110 1053 10
358 1024 507 1055 Restituit
524 1024 601 1052 mihi
619 1034 668 1052 me
685 1025 885 1062 restituitque
902 1025 990 1054 meis.

316 1074 392 1103 Sum
410 1083 512 1110 genus
529 1073 680 1102 invictum
697 1074 825 1102 caelesti
842 1083 858 1103 e
875 1074 995 1103 semine
1011 1075 1118 1111 magni

355 1123 505 1152 Davidis:
528 1132 568 1151 an
586 1127 717 1152 mortem
736 1133 821 1152 mors
837 1123 913 1152 ferat
931 1124 993 1152 ulla
1009 1124 1110 1153 mihi?

134 1203 229 1227 David.
268 1203 324 1228 The
338 1203 396 1227 Earl
410 1203 436 1227 of
449 1203 626 1234 Huntington,
641 1204 684 1227 the
697 1204 759 1227 hero
770 1203 799 1227 of
809 1203 907 1227 Scott's
922 1203 1062 1228 Talisman.

133 1243 257 1267 Alectum,
293 1245 341 1268 See
353 1244 396 1268 the
409 1245 473 1268 lines
484 1252 518 1268 on
531 1245 574 1268 the
588 1244 791 1272 Wedderburns,
805 1244 837 1275 by
849 1245 989 1275 Johnston.

134 1284 251 1308 Aeneiae.
287 1285 430 1315 “Angusia,
443 1285 506 1313 sive,
520 1290 548 1309 ut
561 1286 637 1316 prisci
651 1286 721 1310 Scoti
735 1286 883 1316 loquuntur,
901 1286 1020 1310 Aeneia'’
1040 1286 1201 1317 (Buchanan,
1215 1287 1229 1311 i.
1244 1288 1293 1317 25).
1329 1288 1377 1311 For
1396 1287 1438 1311 the

69 1326 188 1356 mythical
203 1326 320 1350 brothers
334 1327 434 1350 Aeneas
447 1326 499 1350 and
514 1327 613 1355 Merma,
627 1335 669 1351 see
682 1327 715 1351 vi.
729 1334 752 1350 2.

135 1367 285 1391 Dcidnnum.
321 1368 376 1391 The
389 1368 513 1392 romantio
527 1372 596 1400 story
610 1369 631 1392 is
643 1369 717 1399 given
730 1369 763 1399 by
776 1368 928 1395 Buchananv
942 1368 985 1392 vii.
999 1377 1038 1399 49.
1076 1372 1089 1381 *¹
1100 1369 1167 1393 Dum
1188 1370 1259 1397 redit,
1273 1371 1356 1394 classe
1374 1376 1438 1394 tem-

69 1409 208 1439 pestatibus
218 1408 324 1432 disiecta
335 1409 367 1432 ab
381 1409 514 1440 Aegyptiis
526 1414 624 1440 captuS,
639 1418 653 1433 a
668 1410 773 1433 Venetis
786 1410 941 1440 redemptrix,
953 1410 1179 1442 Constantinopoli
1193 1411 1295 1435 demum
1307 1412 1338 1435 ab
1352 1412 1437 1441 Anglo

69 1454 209 1474 mercatore
227 1450 331 1481 agnitus
351 1455 409 1481 post
428 1455 546 1481 quartum
565 1450 669 1474 tandem
687 1458 784 1474 annum
804 1451 828 1474 in
851 1451 967 1475 scotiam
990 1451 1072 1475 rediit.
1110 1452 1235 1476 Boethius
1248 1453 1326 1476 credit
1344 1453 1375 1476 ab
1389 1453 1437 1476 hoc

70 1491 166 1514 Davide
184 1491 304 1514 incolumi
324 1491 373 1515 illic
390 1492 504 1522 exposito
523 1491 655 1524 oppidum,
669 1492 737 1523 quod
750 1491 865 1515 Alcetum
881 1497 942 1516 ante
955 1492 1103 1521 vocabatur,
1117 1493 1271 1524 appellatum
1289 1493 1366 1516 fnisse
1380 1493 1436 1516 Divi-

72 1533 171 1556 donum.
208 1533 265 1563 Ego
278 1532 364 1564 potius
379 1533 527 1556 Taodunum
546 1533 689 1564 composito
706 1533 807 1557 nomine
824 1541 838 1557 e
850 1533 906 1556 Tao
924 1537 950 1557 et
968 1533 1045 1557 Duno
1057 1538 1177 1557 vocatum
1196 1533 1321 1557 existimo,
1356 1534 1436 1557 Alecti

70 1581 164 1597 nomen
178 1573 247 1604 apud
261 1582 340 1598 unum
357 1574 495 1598 Boethium
508 1574 637 1599 invenio.”

527 1717 586 1748 IV.
614 1717 986 1749 KENOTAPHION.

137 1787 312 1817 Magnanimis
325 1788 461 1816 Heroibus,
472 1796 502 1813 ac
514 1789 620 1816 civibus,
631 1789 674 1820 qui
687 1797 715 1813 se
730 1789 883 1813 Donaldinis
893 1789 1022 1813 Insulanis
1034 1789 1182 1814 obiecerunt
1196 1789 1219 1812 in
1233 1789 1392 1813 memorabili
1405 1789 1438 1813 ad

71 1829 198 1853 Harlaum
215 1837 308 1860 pugna,
324 1829 436 1853 Roberto
452 1830 557 1854 Stuarto
576 1830 686 1861 Prorege
704 1838 748 1862 pro
767 1830 862 1854 Iacobo
881 1831 974 1859 Primo,
993 1830 1025 1854 ad
1043 1831 1066 1854 d.
1086 1831 1142 1854 xxiv
1160 1831 1229 1861 Juni,
1247 1831 1323 1854 Anno
1342 1829 1435 1854 Christi

71 1869 111 1892 clo
121 1876 188 1893 cccc.
202 1869 234 1893 xi.

313 1919 373 1948 Hic
389 1919 440 1948 ubi
455 1925 606 1957 congesto
621 1921 761 1949 tumulos
778 1930 869 1958 super
885 1931 997 1959 aggere
1014 1921 1126 1956 cernis,

352 1969 421 2007 Qua
437 1969 533 1998 volvit
549 1969 694 2007 querulas
712 1969 808 1999 Urius
824 1970 928 1998 amnis
945 1980 1054 2007 aquas,

313 2017 400 2046 Heu!
426 2024 562 2055 quantas
579 2019 715 2055 patimur
729 2019 844 2054 clades,
862 2029 941 2056 quae
957 2018 1065 2048 funera
1081 2018 1260 2055 quondam!

355 2066 415 2094 Hic
432 2067 616 2096 bellatorum
633 2073 751 2104 quanta
769 2067 857 2096 ruina
873 2068 951 2097 iacet
965 2070 970 2096 Ξ

69 2122 85 2150 5
313 2115 399 2153 Quos
416 2116 533 2152 patriae
549 2117 728 2145 communis
743 2126 840 2151 amor,
858 2127 937 2154 quos
954 2116 1052 2145 iunxit
1067 2125 1174 2146 amore

352 2165 433 2192 Rara
450 2163 536 2200 fides,
555 2165 648 2194 simul
664 2165 723 2194 hos
739 2165 868 2194 abstulit
886 2175 947 2194 una
963 2165 1037 2194 dies.
