1903 2724
58 336 112 364 ²²5

57 582 113 609 230

56 826 110 855 235

56 1074 112 1099 ²40

54 1317 108 1346 245

54 1562 110 1592 250

55 1810 109 1839 255

53 2049 110 2076 260

544 198 698 222 TliOMAs
724 199 931 222 ΙΗῧλΙΙἪἸἜκ.

261 278 405 313 Maiores,
423 283 494 307 ante
512 279 568 307 has
585 283 614 307 te
631 278 679 307 vel
696 278 845 315 cupiisset
863 278 997 307 inanem.

261 327 373 355 Martia
386 328 446 356 tela
464 337 567 361 manu,
587 328 833 364 simulacraquae
850 327 964 356 ludicra
982 327 1049 355 belli

260 376 466 413 Armatosque
482 377 593 405 choros
610 382 717 411 tentet,
736 376 883 404 iuraveris
901 386 969 404 esse

260 425 393 454 Martem
412 426 524 463 ipsum,
542 431 629 454 tanta
646 431 693 454 est
710 426 818 454 doctae
835 425 1022 462 experientia
1039 425 1162 453 dextrae
1177 435 1182 457 ;

259 474 331 503 Sive
348 475 427 503 ictus
443 475 540 504 vitare
558 480 651 512 paret,
670 485 722 503 seu
741 475 863 503 reddere
879 480 989 509 certos,

257 523 344 551 Talis
360 529 424 552 erat
443 524 560 559 Pollux,
578 524 651 552 talis
667 523 850 561 Tirynthius
866 523 970 551 orbem

259 572 415 608 Edomuit,
434 573 550 609 primae
567 578 598 601 ut
615 572 727 609 serpsit
744 573 859 607 lanugo
876 572 1028 600 iuventae.

298 621 369 649 Non
387 621 516 650 referam
534 627 566 650 ut
583 621 676 650 sectis
693 631 753 658 qua
771 621 832 649 lata
851 620 975 649 Lutetia
993 620 1089 649 muris

258 670 394 707 Gyratas
411 676 528 707 spectat
547 671 656 699 mediis
674 670 882 707 penetralibus
900 670 999 698 undas

259 720 404 756 Sequana
420 729 551 749 amoene
567 725 646 755 tuas,
665 720 722 748 sub
739 725 935 757 praeceptore
951 719 1066 747 diserto

258 768 390 797 Duravit
406 768 551 798 ferratam
569 769 704 798 hiemem
722 773 752 798 et
770 769 892 797 sudavit
910 768 1022 796 ibidem

256 817 416 846 Aestatem
434 817 551 847 fervore
568 818 639 855 pari,
658 819 839 854 nullumque
858 811 975 846 remisit

257 866 412 901 Officium,
432 867 621 905 Stagyraeas
637 867 755 896 victura
773 867 906 895 latebras

257 916 348 944 Mens
364 916 455 945 avida
472 917 694 954 ingeniumque
711 926 816 953 capax.
864 916 924 944 Hic
942 915 1086 952 quicquid
1105 916 1221 944 honoro

257 965 402 994 Carmine
419 966 465 994 vel
484 966 637 1004 Smyrnae
654 966 743 995 nobis
760 965 921 994 mandavit
939 966 1094 1000 alumnus,

257 1014 362 1043 Divite
378 1015 424 1044 vel
444 1015 525 1044 Latii
543 1025 621 1044 vena
638 1015 775 1044 cecinere
793 1020 911 1052 poetae,

258 1063 415 1092 Hauserat
432 1070 460 1093 et
478 1064 594 1101 primos
612 1064 714 1093 Musis
732 1069 907 1093 sacraverat
924 1072 1032 1092 annos.

299 1113 474 1142 Indomitae
492 1113 616 1143 Pelidae
634 1114 695 1143 irae
711 1113 758 1142 vis
775 1113 879 1142 nescia
897 1112 987 1146 flecti,

259 1161 459 1198 Invictusque
476 1162 562 1200 Ajax‚
581 1168 610 1191 et
626 1164 687 1191 dux
702 1163 910 1199 Agamemno,
929 1161 1064 1198 potentis

257 1210 366 1239 Infelix
383 1222 491 1240 aurum
512 1212 635 1246 Priami,
653 1221 837 1249 pugnasque
856 1211 1003 1246 Deorum,

256 1259 405 1297 Bellaque
422 1266 451 1289 et
467 1261 610 1290 exhausti
629 1261 715 1289 fatali
735 1261 835 1289 Marte
852 1261 982 1294 labores,

255 1308 324 1346 Qua
340 1309 450 1346 triplici
469 1311 672 1338 monstranda
690 1310 762 1347 iugo
779 1311 852 1338 latet
870 1309 972 1337 insula
989 1314 1093 1345 ponto,

255 1358 427 1395 Cyclopum
444 1360 556 1388 domus
573 1365 602 1388 et
620 1359 720 1388 Cereri
738 1359 917 1396 gratissima
934 1359 1036 1392 tellus,

255 1407 325 1445 Qua
342 1407 418 1436 iacet
435 1414 558 1437 arentes
574 1409 736 1437 denudans
753 1408 855 1436 Africa
871 1417 1008 1444 campos,

254 1456 324 1494 Qua
342 1456 498 1486 Numidae
515 1462 652 1486 reserant
669 1462 786 1486 tractus
803 1456 938 1486 sitientis
955 1465 1074 1488 arenas,

255 1505 324 1543 Qua
340 1506 451 1535 colitur
466 1506 550 1535 duris
568 1507 725 1544 Hispania
741 1512 815 1535 nota
831 1506 1007 1542 triumphis,

255 1554 323 1592 Qua
344 1555 425 1592 rigor
441 1560 586 1584 aeternus
604 1561 726 1584 montes
742 1556 905 1584 contristat
921 1561 950 1584 et
967 1565 1019 1583 ora

255 1603 392 1632 Danubii
410 1605 501 1642 longe
517 1610 666 1638 ostentat,
683 1615 743 1642 qua
761 1606 864 1634 Gallia
881 1615 1005 1642 pugnax¹

255 1653 425 1691 Indigenas
441 1655 519 1683 ditat
535 1655 613 1684 felici
631 1665 733 1684 messe
749 1656 886 1689 colonos,

254 1703 384 1741 Quaque
401 1704 520 1732 habitat
537 1705 620 1741 longi
637 1704 793 1733 fraenator
811 1705 955 1733 Sarmata
971 1705 1062 1740 conti,

255 1751 500 1789 Pannoniusque
517 1753 593 1782 redit
609 1753 734 1782 defosso
750 1754 894 1782 concolor
908 1764 991 1788 auro,

256 1802 370 1830 Omnia
387 1808 460 1831 nota
477 1803 518 1831 illi
536 1809 659 1832 tenerae
676 1804 733 1832 sub
750 1803 822 1832 flore
839 1804 992 1833 iuventae.

296 1852 361 1880 Nec
377 1852 464 1881 satis.
510 1853 600 1882 Unde
617 1858 725 1881 tonent
742 1853 849 1887 nubes,
867 1862 945 1890 quae
961 1853 1051 1881 ducat
1067 1852 1153 1887 origo

255 1901 401 1938 Fulgura,
418 1911 470 1930 cur
486 1908 601 1938 pontus
618 1902 814 1939 praescriptis
829 1907 950 1931 aestuet
968 1902 1069 1934 horis;

254 1950 342 1988 Quae
357 1960 452 1979 causa
468 1952 612 1980 obscuret
630 1951 799 1986 Phoebum,
816 1961 951 1988 quonam
969 1951 1040 1986 igne
1055 1955 1175 1978 cometa

253 1999 367 2028 Ardeat
384 2005 413 2028 et
430 2000 550 2036 pavidis
567 1999 673 2029 feralia
689 2001 834 2037 gentibus
851 2010 937 2028 arma

255 2047 381 2082 Inferat,
398 2054 428 2076 et
444 2049 554 2077 mediis
571 2049 652 2077 acies
669 2044 846 2078 dommittat
863 2049 892 2077 in
910 2049 1022 2082 astris;

255 2097 346 2126 Unde
363 2096 460 2125 fluant
476 2097 569 2131 venti,
586 2097 697 2126 fluvios
713 2108 752 2126 an
769 2098 884 2126 viscere
901 2098 1003 2125 mittat

254 2145 350 2175 Terra
367 2155 432 2180 su0,
449 2156 509 2183 quo
525 2147 565 2175 sit
582 2152 671 2183 pacto
688 2147 739 2175 nix
755 2147 836 2175 nube
853 2147 963 2179 soluta,

1376 194 1414 231 (35
