1903 2724
61 286 93 314 15

58 533 95 551 20

57 777 91 805 ²5

57 1025 94 1052 30

56 1268 92 1298 35

56 1516 94 1541 40

56 1760 92 1790 45

59 2005 98 2034 50

551 194 694 218 GEORGE
718 194 841 219 sTRAOE
849 194 919 218 IAN.

299 275 390 304 Talia
404 276 576 313 depingant
592 281 716 305 nostros
732 276 882 305 vocabula
899 275 1001 309 fletus,

341 324 452 363 Qualia
469 330 669 359 moerentem,
687 324 779 353 fratre
794 324 932 359 cadente,
950 324 1078 358 decent;

300 375 414 412 Qualia
429 384 499 403 cum
517 375 685 413 lachrymis
701 374 802 403 fundit
819 374 869 412 pia
886 379 992 409 mater,
1009 375 1156 411 adempta

342 423 439 457 Prole,
455 425 502 453 vel
520 433 668 452 accensos
683 423 827 461 coniugis
844 428 916 452 ante
932 432 1045 459 rog0s;

300 472 453 511 Qualibus
470 473 604 511 Euryalo
623 473 720 502 Nisus
737 473 889 502 moriente
906 472 1035 507 furebat,

339 522 494 560 Qualibus
509 522 646 559 Aegides
663 532 759 559 regna
775 522 927 559 profunda
943 528 1071 559 petens;

301 571 414 610 Qualia
429 572 542 600 dilecto
558 576 646 600 vates
664 571 838 600 Ionathane
855 576 1015 609 perempto

347 620 466 657 Regius
482 620 604 657 irriguis
621 620 698 649 fudit
715 621 752 648 ab
769 630 819 650 ore
835 621 935 658 genis.

299 669 367 698 Ah!
392 670 534 707 quisquis
551 670 666 698 lubrico
682 670 771 707 ponit
787 680 843 698 sua
860 670 974 707 gaudia
993 670 1121 705 mundo,

341 718 480 747 Conatur
497 719 591 748 refluo
607 729 753 756 quaerere
766 725 848 748 certa
864 720 951 749 inari.

301 768 415 797 Lactea
432 778 505 796 narn
522 769 610 797 viridi
628 774 766 797 marcent
782 778 836 798 ceu
854 769 917 798 lilia
934 775 1032 806 prato,

340 817 445 846 Vitrea
462 817 506 846 sic
521 818 612 846 celeri
628 817 693 846 vita
710 823 837 854 repente
854 818 937 855 fuga.

299 865 372 895 Non
387 875 539 902 generosa
556 872 642 895 tuam
660 873 823 896 servarunt
840 873 1010 896 stemmata
1026 868 1135 902 vitam,

341 915 442 944 Ducta
460 924 511 952 per
527 915 718 951 innumeros,
734 917 815 945 clare
833 918 958 949 Semne,
975 922 1088 954 patreS.

301 965 415 993 Forma
432 975 488 994 nec
505 965 649 1003 insignis,
667 971 755 994 sexta
771 966 926 995 trieteride
943 965 1067 1001 florens,

341 1014 508 1051 Flavaque,
528 1014 680 1043 Davidico
696 1024 791 1049 more,
809 1021 923 1044 retorta
939 1025 1039 1048 corna,

300 1063 365 1091 Nec
381 1063 431 1100 pia
447 1063 597 1092 sollicitae
613 1063 774 1099 genitricis
790 1074 958 1095 murmura.
976 1074 1054 1101 quae
1070 1070 1100 1093 te

340 1112 451 1149 Diligit
468 1117 501 1141 ut
517 1122 622 1141 carum
639 1118 730 1141 cauta
750 1113 889 1141 Rebecca
907 1113 1008 1142 Iacob.

299 1164 412 1191 Sancta
428 1170 483 1190 nec
499 1161 638 1190 immites
653 1161 787 1190 tardavit
806 1162 907 1190 Roma
924 1162 1054 1198 puellas,

341 1210 490 1239 Iniieiunt
506 1220 615 1239 caecas
631 1220 709 1248 quae
726 1211 794 1240 sine
811 1216 915 1240 mente
933 1221 1055 1242 manus,

303 1259 372 1288 Heu
389 1259 394 1287 !
417 1269 471 1288 cur
487 1269 536 1288 me
553 1264 639 1288 tanta
657 1265 805 1288 terrarum
823 1261 904 1289 mole
921 1261 1070 1297 relinquis

340 1308 518 1337 Distantem
534 1308 544 1336 ?
569 1318 702 1345 quocum
720 1309 804 1338 mille
821 1309 934 1346 pericla
949 1309 1017 1338 tuli.

299 1357 362 1386 Cur
378 1366 451 1392 non,
469 1362 539 1394 post
556 1358 667 1394 longos
685 1358 834 1394 pontique
851 1358 981 1395 viaeque
997 1358 1127 1393 labores,

343 1406 479 1434 Lumina
495 1406 609 1435 dilecto
625 1407 744 1435 claudis
760 1413 866 1435 amata
883 1407 953 1435 sinu
970 1407 979 1435 ?

301 1456 363 1485 Cur
379 1465 451 1489 non,
467 1456 519 1493 qui
536 1456 629 1484 toties
646 1456 731 1484 sensi
748 1456 798 1493 pia
815 1456 929 1493 gaudia
946 1456 1037 1492 vitae,

342 1504 517 1533 Funeribus
533 1504 619 1541 potui
636 1504 735 1533 tristis
751 1506 861 1534 adesse
877 1505 963 1533 tuis?

300 1554 365 1583 Nec
381 1553 467 1589 rnihi,
483 1563 539 1582 ceu
556 1554 713 1590 quondam
730 1554 809 1582 caris
825 1554 996 1583 commissa
1014 1553 1195 1591 propinquis

341 1603 476 1640 Corpora
492 1602 638 1637 viventis,
657 1603 700 1632 sic
718 1603 881 1632 morientis
897 1603 1008 1632 erant?

300 1653 414 1681 Nonne
429 1661 487 1688 ego
503 1657 532 1681 te
548 1651 684 1687 flentem,
701 1652 801 1680 dulcis
817 1658 887 1689 post
905 1652 1011 1680 oscula
1027 1652 1147 1689 matris,

342 1701 377 1730 In
394 1701 528 1730 volucris
545 1701 617 1730 duxi
633 1706 770 1729 transtra
785 1701 919 1730 verenda
935 1701 1036 1730 ratis?

300 1751 413 1779 Nonne
429 1759 481 1788 per
498 1750 672 1779 immensos
688 1750 832 1779 Thetidis
850 1750 1028 1788 spumantis
1043 1760 1172 1779 acervos

342 1800 489 1829 Solamen
505 1799 616 1828 timido
632 1800 755 1837 duxque
771 1809 939 1837 comesque
956 1799 998 1828 fui
1014 1800 1024 1828 ?

303 1849 416 1878 Nonne
432 1858 490 1886 ego
505 1854 543 1884 te,
561 1849 680 1878 lacerae
695 1858 766 1877 curn
784 1848 935 1886 naufraga
952 1849 1090 1877 membra
1106 1849 1229 1877 carinae

343 1898 464 1927 Gallica
481 1908 594 1927 saxoso
611 1898 712 1927 littore
728 1897 820 1936 fregit
836 1898 948 1933 hiems,

305 1947 403 1975 Nocte
420 1956 515 1975 manu
532 1947 686 1984 trepidum
705 1947 871 1984 scopulosa
887 1956 941 1984 per
957 1955 1089 1983 aequora
1106 1946 1194 1981 traxi,

344 1996 432 2024 Colla
448 1996 525 2024 mihi
543 2001 697 2033 premeret
713 2006 784 2025 curn
800 1996 1005 2024 tremebunda
1023 2005 1120 2032 nepos
1135 1995 1145 2023 ?

303 2045 329 2074 O
347 2045 467 2073 utinam
485 2045 612 2082 paribus
628 2045 768 2074 licuisset
784 2045 889 2074 cedere
905 2044 978 2073 fatis

343 2093 443 2129 Tunc,
459 2098 489 2122 et
506 2094 536 2122 in
554 2094 699 2131 amplexu
716 2099 839 2131 pectora
856 2103 925 2122 cara
941 2093 1037 2122 mori!

1356 196 1413 228 34¹
