1903 2724
65 384 102 412 50

65 629 101 657 55

68 865 106 892 60

67 1365 106 1394 70

69 1609 106 1639 75

70 1846 108 1874 80

576 197 690 227 JMHCS
719 197 736 219 Κ
746 197 790 219 lix
801 197 860 219 Nic}
870 197 912 220 )Υ.

349 277 389 305 Ut
407 276 539 313 primum
558 276 627 305 belli
646 276 770 311 signum
790 286 838 304 rex
857 286 992 310 magnus
1010 276 1038 303 in
1058 277 1168 311 miglis

268 326 397 361 Extulit,
415 331 443 354 et
461 335 553 354 rauco
570 325 700 361 strepuit
718 326 790 353 tulJa
810 325 922 353 Martia
940 331 1042 359 cantu,

271 375 375 411 thue
393 384 480 402 acres
496 374 654 402 concussit
671 383 779 410 equos,
798 379 891 410 utque
909 373 1029 410 impulit
1047 383 1142 408 arma,

270 424 433 460 Extemplo
450 423 563 452 turbati
580 423 695 457 animi;
721 422 872 459 multique
889 423 1025 450 tumultu

268 473 415 510 Undique
432 473 595 501 coniurant
613 472 741 509 trepido,
755 472 969 508 adiunguntur
984 477 1013 500 et
1030 472 1121 500 liosti.

269 522 420 550 Ductores
437 532 549 550 ornnes
566 521 666 558 primi,
685 522 869 550 Cromuelus
885 526 915 549 ct
931 522 1007 550 alter

268 572 474 608 Contemptor
489 571 574 600 Cocli
595 571 803 604 Lambcrtius,
821 570 914 599 effera
930 576 1047 607 cogunt

268 620 390 648 Auxilia
406 625 435 648 et
452 620 532 648 latos
549 625 674 647 vastant
692 619 862 648 cultoribus
878 628 980 656 agros

267 669 357 697 Talia
375 679 426 706 per
442 678 571 703 regnum
590 669 781 704 Anglorum:
807 678 885 704 quae
902 669 1034 696 Carolus
1053 668 1118 704 ipse

269 718 390 746 Cuncta
406 717 516 745 videns
533 727 649 753 magno
665 726 808 745 curarum
826 716 955 745 fluctuat
971 722 1072 750 aestu,

267 766 368 803 Atque
384 767 524 794 animum
544 776 625 795 nunc
642 767 701 794 huc
717 766 860 800 celerem,
878 775 961 794 nunc
977 766 1086 794 dividit
1104 766 1184 798 illuc,

271 815 305 842 In
323 821 486 852 partesque
504 815 582 851 rapit
599 815 702 843 varias
719 825 832 851 perque
848 815 954 843 omnia
970 821 1084 843 versat.

273 864 359 892 Sicut
375 874 474 900 aquae
491 864 657 892 tremulum
676 863 768 892 labris
785 864 835 892 ubi
854 864 958 892 lumen
977 864 1088 892 ahenis

269 913 340 941 Sole
357 922 580 949 repercussum,
598 918 650 941 aut
673 913 822 941 radiantis
840 913 976 950 imagine
994 913 1095 947 lunae,

269 961 384 990 Omnia
401 961 566 998 pervolitat
582 962 642 990 late
660 963 733 996 loca,
752 962 876 998 iamque
893 962 950 990 sub
967 972 1059 990 auras

270 1011 407 1046 Erigitur
425 1011 601 1048 summique
618 1010 686 1040 ferit
703 1011 858 1048 laquearia
874 1011 956 1041 tecti.

269 1060 308 1088 At
325 1060 469 1096 quamvis
487 1060 565 1088 tristi
586 1061 748 1088 turbantur
767 1061 851 1097 regia
870 1061 950 1089 bello

272 1109 407 1143 Pectora,
425 1118 494 1137 cum
513 1108 580 1137 forti
598 1109 737 1145 graditur
753 1114 858 1138 tamen
877 1109 1002 1145 agmine
1021 1110 1114 1138 Scoto

270 1158 340 1194 Ipse
358 1167 409 1194 per
425 1157 556 1194 irriguos
572 1158 744 1194 Anglorum
763 1159 894 1186 Carolus
910 1168 1010 1193 agros.

271 1207 323 1235 Sol
342 1207 477 1236 medium
495 1207 570 1236 coeli
587 1207 810 1235 conscenderat
828 1208 938 1243 igneus
954 1209 1070 1241 orbem,

270 1258 373 1294 Quum
393 1256 477 1284 Scoti
495 1265 661 1292 murosque
678 1257 781 1293 procul
799 1266 833 1284 ac
849 1257 930 1284 celsa
948 1257 1110 1285 domorum

270 1304 367 1333 Tecta
384 1305 489 1333 vident
507 1305 591 1333 urbis
607 1305 816 1343 (Vorcestram
838 1306 964 1334 nornine
983 1306 1102 1342 dicunt)

272 1355 422 1388 Eximiae,
440 1354 585 1391 aequavit
601 1364 694 1391 quam
713 1355 812 1391 prisca
829 1355 969 1391 potentia
985 1355 1079 1384 caelo,

273 1404 401 1440 Iamque
419 1403 645 1440 propinquabat
662 1403 759 1440 portis
774 1403 932 1440 equitatus
949 1404 1076 1440 apertis,

273 1453 356 1481 Hinc
371 1458 464 1489 atque
481 1453 554 1481 hinc
571 1462 721 1489 proceres,
739 1453 931 1489 Carolusque
949 1452 1014 1489 ipse
1031 1453 1157 1489 agmine
1175 1462 1310 1489 magnus

272 1503 307 1530 In
325 1502 426 1531 medio
442 1502 605 1539 chlamyde
621 1507 650 1530 et
668 1502 758 1538 pictis
774 1507 961 1539 conspectus
978 1502 1008 1530 in
1025 1502 1130 1536 armis,

272 1551 382 1590 Qualis
399 1551 442 1579 uti
460 1551 576 1580 Oceani
593 1550 737 1588 perfusus
756 1550 878 1579 Lucifer
894 1552 976 1579 unda

272 1601 386 1639 (Quem
403 1600 511 1629 Venus
527 1606 598 1629 ante
615 1600 693 1629 alios
714 1606 868 1629 astrorum
886 1600 987 1637 diligit
1004 1600 1105 1637 ignes)

273 1649 393 1677 Extulit
409 1658 444 1677 os
461 1658 583 1677 sacrum
600 1649 686 1678 caelo
702 1649 906 1685 tenebrasque
926 1649 1064 1679 resolvit.

273 1699 365 1727 Stant
382 1698 511 1734 pavidae
529 1698 558 1726 in
576 1698 673 1726 muris
690 1703 805 1726 matres
820 1698 980 1735 oculisque
997 1699 1135 1726 salutant

278 1747 458 1775 Pulveream
477 1748 592 1776 nubem
609 1753 639 1775 et
656 1747 811 1783 fulgentes
827 1757 896 1776 aere
912 1754 1064 1778 catervas.

273 1796 398 1825 Moenia
416 1796 598 1824 Voreestrae
614 1805 685 1833 pars
702 1796 806 1832 intrat,
823 1801 944 1825 caetera
962 1796 1054 1825 fidam

272 1845 352 1873 Ante
369 1845 474 1873 urbem
493 1844 603 1881 positis
618 1845 785 1874 considunt
802 1846 929 1883 agmina
947 1847 1065 1874 castris.

274 1893 504 1930 Grampigenae
521 1894 569 1922 hic
586 1894 680 1922 validi
696 1900 726 1923 et
743 1895 902 1931 primaevo
919 1894 992 1924 flore
1009 1896 1157 1925 iuventus

272 1943 335 1970 Ant
352 1952 436 1970 acres
453 1944 585 1971 tendunt
601 1952 690 1971 arcus
706 1949 759 1971 aut
776 1944 860 1972 lenta
876 1944 999 1973 lacertis

275 1991 400 2028 Spicula
415 1997 629 2028 contorquent,
645 2002 798 2029 cursuque
815 1993 938 2030 ictuque
955 1994 1132 2028 lacessunt;

275 2042 379 2079 Quum
397 2046 562 2078 provectus
579 2051 658 2078 equo
675 2042 821 2078 praeclari
838 2042 920 2079 regis
935 2042 974 2070 ad
991 2052 1081 2071 aures

276 2089 415 2118 Nuntius
431 2096 550 2119 atroces
567 2090 674 2119 multis
691 2100 760 2119 cum
779 2091 916 2119 millibus
933 2091 1040 2119 hostes

275 2138 451 2167 Adventare
468 2138 565 2169 refert.
610 2139 700 2168 Tunc
719 2140 821 2168 Scotis
839 2140 929 2175 signa
946 2145 1117 2175 sequantur

1367 192 1418 221 181
