1903 2724
64 348 97 377 75

59 586 97 613 80

59 1086 96 1113 90

58 1329 94 1359 95

62 1577 116 1595 100

60 1822 113 1851 105

62 2069 115 2088 110

542 204 655 228 DAVID
680 204 881 228 WEDJ)1⁴;RBU
888 205 944 229 RN.

347 286 470 316 Scilicet
488 286 513 314 is
529 285 625 321 digno
641 285 738 314 virtus
755 295 833 322 quae
850 285 985 323 principe
1001 287 1106 323 digna,

305 337 385 376 Quid
399 337 452 375 jus
469 335 575 372 sasque
592 335 702 370 serant,
720 344 796 363 suus
812 335 907 372 etqui
925 336 1049 371 regibus
1065 336 1138 364 altis

305 387 436 415 Constet
453 386 563 418 honosy
580 394 696 420 magna
713 384 882 420 proclamat
899 394 973 413 voce
990 394 1042 421 per
1058 395 1168 414 omnes

301 435 415 464 Terrae
431 444 511 469 oras,
530 433 672 471 sopitque
689 433 778 469 ignes
794 443 872 470 quos
889 439 1029 462 monstra
1047 441 1193 471 pararunt

306 485 403 521 lgneo
419 484 457 512 ab
476 483 590 511 IGNArr
607 482 719 519 quibus
735 482 841 511 ordine
858 481 945 511 fluxit
962 483 1056 519 origo.

305 533 448 561 Monstra
464 532 576 569 quibus
593 541 655 560 non
672 531 838 560 Armeniae
854 532 976 561 deserta
993 538 1133 569 peragrat

304 581 477 619 Sanguinis
494 580 617 610 innocui
635 580 724 617 tigris
741 580 895 609 sitientior
910 581 982 610 ulla.

306 632 426 660 Blanda
442 631 566 668 quidem
584 630 695 667 specie,
714 631 765 658 sed
780 630 804 658 si
823 630 992 667 penetralia
1010 630 1125 660 mentis

304 681 424 715 pervia,
442 685 622 717 serpentum
640 684 766 716 pateant
783 679 954 716 spiramina
970 680 1064 714 mille,

303 730 389 759 Mille
406 729 536 759 nocendi
553 734 645 763 artes,
662 729 776 766 quibus
792 729 874 757 haud
892 728 1053 766 requiesve
1070 729 1230 758 modusve.

304 779 361 808 Illa
379 779 475 814 Deus,
494 788 623 815 superae
640 783 855 815 contemptum
872 778 951 807 lucis
968 783 1000 806 ut
1017 784 1105 807 aetas

306 829 421 857 Nostra
438 828 512 863 luat,
531 827 651 866 Stygiis
666 837 822 864 emergere
839 827 969 865 pignora
986 827 1086 856 noctis

302 877 436 906 Sedibus
451 882 499 906 est
516 886 628 914 passus
643 887 649 905 :
672 876 756 905 dedit
772 876 848 905 haec
864 877 952 905 canis
967 886 1020 905 ora
1036 876 1184 912 trifaucis,

299 926 373 963 Argi
390 926 508 959 oeulos,
524 925 666 962 cervique
683 935 783 960 aureS,
802 935 986 963 unguesque
1003 926 1166 961 Celaenus,

303 975 577 1012 Eumenidumque
593 975 668 1010 alas,
686 984 721 1004 ac
738 975 788 1012 qui
806 975 883 1011 tegit
900 975 1006 1003 omnia
1023 975 1144 1004 vultum

301 1024 493 1062 Ambiguum
512 1025 623 1060 Protei,
641 1033 723 1053 nunc
739 1025 832 1058 hunc,
851 1034 933 1054 nunc
950 1024 1093 1062 protinus
1110 1025 1206 1054 illum.

300 1074 341 1103 At
357 1083 575 1111 quamcunque
591 1079 708 1103 novent
725 1073 843 1109 faeiem,
861 1083 1080 1111 quamcunque
1097 1073 1229 1110 figuram

303 1123 441 1152 Pectoris
458 1123 624 1158 induerint,
642 1129 747 1152 manet
764 1129 988 1160 aeternumque
1005 1123 1143 1152 manebit

303 1172 477 1201 Consilium
495 1173 553 1201 hoc
570 1181 658 1209 reges
675 1173 826 1201 scelerato
841 1172 1020 1201 exscindere
1036 1172 1124 1201 ferro.

342 1221 382 1250 At
398 1231 470 1250 vero
488 1221 593 1249 Calais
610 1221 788 1258 Zethesque
804 1226 848 1255 ut,
866 1221 965 1250 sidere
981 1220 1085 1250 fausto

303 1270 436 1299 Pulchra
453 1275 539 1299 satos
557 1270 656 1298 Borea
673 1280 752 1307 quos
769 1270 864 1299 edidit
881 1270 1022 1308 Orithya,

302 1320 484 1349 obscaenas
500 1319 644 1356 dirasque
661 1320 776 1356 procul,
795 1319 926 1349 Phineia
943 1329 1054 1348 mensa

303 1369 347 1399 Ut
363 1368 452 1398 foeda
469 1368 536 1398 sine
552 1369 620 1397 labe
635 1368 722 1404 foret,
740 1369 884 1406 pepulere
899 1369 1059 1403 volucres;

303 1418 397 1447 Haud
413 1418 509 1453 aliter,
527 1427 577 1447 rex
593 1427 707 1455 magne
724 1418 861 1455 (Aquilo,
880 1418 1070 1455 Septemque
1086 1418 1203 1446 triones

300 1467 490 1505 Tergemino
505 1467 595 1496 cuius
611 1467 728 1496 iactant
745 1477 778 1495 se
795 1468 926 1496 subdere
942 1467 1022 1495 colla

301 1516 448 1554 Imperio)
467 1516 635 1554 Harpyias,
656 1516 756 1545 Roma
773 1516 967 1553 indignante,
986 1525 1112 1552 rapaces

303 1566 372 1594 Has
388 1566 491 1602 procul
508 1565 656 1602 exegesti,
672 1570 765 1602 atque
782 1565 857 1594 haec
872 1565 927 1594 tibi
944 1570 1085 1594 monstra
1103 1566 1231 1594 subacta

302 1614 424 1651 Ingenii
441 1614 539 1643 felicis
555 1614 709 1649 acumine,
727 1615 809 1651 quod
825 1614 880 1643 tibi
897 1614 927 1642 in
945 1624 1007 1643 uno

299 1663 346 1693 Te
361 1664 502 1692 ornando
518 1673 587 1692 sese
605 1663 704 1692 maior
719 1663 862 1692 Tritonia
879 1663 984 1692 Pallas

300 1713 420 1742 Annuit
437 1718 467 1742 et
484 1718 607 1742 sacrant
624 1713 720 1741 divini
737 1713 861 1742 oracula
878 1713 989 1750 prisca.

301 1763 419 1792 Noctes
436 1767 528 1799 atque
544 1762 610 1791 dies
627 1772 705 1799 quae
721 1763 794 1790 dum
813 1762 978 1799 perpendis
994 1767 1024 1791 et
1040 1762 1100 1791 acri

300 1812 418 1841 Iudicio
435 1812 556 1840 rimaris
572 1811 640 1840 abis
657 1812 693 1840 ad
710 1817 852 1848 tempora
869 1812 980 1848 prisca,

299 1861 406 1898 Teque
421 1866 506 1890 tuere
523 1861 633 1889 horum
650 1861 802 1898 exemplo,
820 1861 885 1890 sive
902 1861 1016 1898 impius
1032 1871 1124 1889 auras

301 1911 408 1939 Arrius
424 1911 462 1939 ad
479 1920 608 1947 superas
626 1915 742 1939 remeet
760 1910 989 1947 Phlegethonte
1006 1911 1119 1947 relicto,

302 1961 364 1990 Seu
382 1970 462 1989 nova
480 1961 650 1997 procudant
666 1960 717 1988 alii
735 1969 791 1988 sua
807 1961 956 1997 dogmata
974 1965 1077 1988 sectas

301 2010 344 2039 Ut
360 2009 495 2044 foveant,
512 2019 590 2046 quae
608 2010 710 2048 (proh)
726 2015 771 2038 tot
789 2019 965 2038 succrevere
981 2015 1055 2047 quot
1073 2019 1204 2046 usquam

302 2059 404 2087 Paene
421 2058 511 2086 urbes
528 2067 614 2086 sacra
631 2058 712 2087 lotae
728 2057 928 2095 baptismatis
946 2058 1038 2087 unda*
1055 2053 1060 2058 ’

303 2107 386 2135 Hinc
402 2106 464 2135 fera
480 2107 558 2135 bella
575 2112 711 2142 movent,
728 2112 758 2135 et
773 2107 846 2135 dum
863 2116 1041 2136 concurrere
1058 2107 1135 2136 ferro

304 2156 355 2185 Sic
372 2161 537 2193 properant
553 2155 664 2184 serrum
682 2162 817 2193 cognata
834 2155 864 2183 in
882 2155 1001 2184 viscera
1017 2157 1164 2185 condunt.

1267 2213 1333 2236 BBB

1359 210 1422 240 377
