1903 2724
60 452 112 480 125

62 698 116 726 130

62 945 115 973 135

65 1190 120 1219 140

67 1436 120 1466 145

69 1681 123 1709 150

71 1925 124 1954 155

73 2162 127 2190 160

568 212 578 243 J
585 212 605 234 A
611 212 636 234 M
644 211 682 234 Es·
708 211 731 234 Κ
737 211 784 233 ΕΝ
793 211 813 233 N
821 211 853 233 El
862 211 903 235 )Υ.

260 294 483 329 Adventusque
501 292 598 320 virum
617 290 819 327 fremitusque
835 290 967 319 ardescit
984 299 1143 326 equorum.

261 343 388 379 Iamque
406 342 485 370 iutra
501 341 552 370 teli
571 341 685 369 iactum
703 349 887 377 progressus
904 344 1033 376 uterque

260 392 457 421 Substiterat.
503 391 613 420 Subito
629 395 797 427 erumpunt
813 390 948 418 clamore
965 389 1194 425 frementesque

261 442 474 469 Exhortantur
488 450 595 477 equos,
613 439 746 468 fundunt
763 439 856 468 simul
875 439 1011 476 undique
1029 439 1161 473 glandes

262 490 419 518 Fulminis
436 490 466 518 in
483 499 614 523 morem,
631 489 815 526 caelumque
831 489 985 518 obtexitur
1003 488 1121 517 umbra.

260 540 304 568 Ac
320 541 403 568 velut
421 539 554 567 immissi
572 538 704 567 diversis
720 538 860 575 partibus
877 538 968 575 ignes

260 589 406 618 Arentem
426 589 454 617 in
473 589 584 617 silvam
602 593 632 616 et
649 588 783 623 virgulta
801 587 947 616 sonantia
964 588 1063 621 lauro,

260 638 322 666 Aut
339 639 388 666 ubi
406 639 535 667 decursu
554 638 660 675 rapido
676 639 712 667 de
729 638 890 666 montibus
906 637 980 665 altis

263 688 347 716 Dant
365 687 502 716 sonitum
522 688 661 724 spumosi
679 697 790 716 amnes
806 692 836 716 et
853 687 882 714 in
901 695 1035 723 aequora
1051 691 1189 717 currunt,

261 737 400 775 Quisque
418 747 509 765 suum
528 737 696 773 populatus
713 737 783 765 iter:
809 746 871 765 non
889 735 1019 772 segnius
1035 745 1122 763 acres

263 787 321 815 Pro
338 796 371 815 se
387 786 518 823 quisque
535 786 590 814 viri
608 796 733 814 summa
751 786 892 814 nituntur
908 795 1002 822 opum
1021 785 1060 813 vi.

261 835 326 864 Nec
342 845 438 869 mora,
457 844 511 863 nec
528 835 648 872 requies
664 841 754 863 vasto
769 835 939 864 certamine
954 836 1095 863 tendunt.

264 884 382 913 Pallida
398 883 571 921 Tisiphone
588 884 691 913 media
708 885 787 913 inter
803 884 901 912 millia
918 884 1029 912 saevit.

262 934 382 971 Anglos
398 934 446 961 bis
464 934 547 962 Scoti
565 934 637 963 dare
654 940 741 969 terga
758 933 882 962 rebellia
899 938 1034 970 cogunt3

264 984 318 1012 Bis
335 983 435 1012 reiecti
453 983 548 1012 armis
565 989 741 1020 respectant
758 988 844 1019 terga
861 989 1013 1019 tegentes

262 1032 368 1062 Tertia
385 1033 439 1061 sed
457 1037 623 1070 postquam
641 1032 801 1069 congressi
822 1033 852 1061 in
870 1033 996 1070 praelia,
1014 1038 1097 1061 totas

265 1081 447 1119 Implicuere
464 1082 543 1110 inter
559 1091 591 1110 se
607 1082 700 1116 acies,
720 1082 856 1118 legitque
873 1081 972 1110 virum
991 1082 1045 1116 vir,

262 1131 343 1160 Tum
362 1141 434 1160 vero
451 1136 480 1160 et
496 1131 634 1167 gemitus
652 1131 850 1165 morientum,
867 1136 897 1159 et
915 1131 1068 1167 sanguine
1085 1131 1115 1158 in
1133 1131 1196 1159 alto

264 1180 421 1217 Armaque
437 1189 627 1217 corporaque
643 1185 673 1208 et
690 1180 830 1216 permisti
847 1181 939 1209 caede
957 1180 1103 1208 virorum.

266 1229 446 1258 Semineces
462 1230 630 1258 volvuntur
646 1229 734 1266 equi:
760 1239 864 1266 pugna
881 1239 990 1266 aspera
1008 1229 1116 1265 surgit.

265 1278 396 1307 Adversi
415 1284 504 1316 rupto
520 1288 574 1307 ceu
591 1280 749 1316 quondam
767 1278 889 1307 turbine
906 1279 991 1307 venti

264 1327 458 1365 Confligunt,
477 1328 702 1365 Zephyrusque
720 1328 886 1365 Notusque
902 1333 931 1356 et
947 1328 1048 1356 laetus
1066 1327 1142 1356 Eois

267 1378 370 1406 Eurus
385 1378 495 1415 equis;
518 1378 652 1406 stridunt
669 1378 765 1406 silvae
783 1378 943 1414 saevitque
960 1378 1091 1406 tridente

268 1427 425 1464 Spumeus
441 1432 533 1464 atque
551 1427 613 1455 imo
631 1427 753 1456 Nereus
769 1427 827 1455 ciet
844 1436 978 1463 aequora
995 1427 1100 1456 fundo.

267 1476 361 1504 Haud
379 1486 469 1504 secus
485 1476 681 1513 Angligenae
699 1476 890 1512 Scotumque
907 1476 1059 1505 exercitus
1075 1485 1144 1504 acer

268 1524 465 1553 Concurrunt
481 1525 561 1553 inter
577 1535 618 1559 se,
636 1525 792 1562 oriturque
810 1525 986 1553 miserrima
1002 1526 1123 1554 caedes.

268 1574 340 1602 Non
357 1573 433 1602 mihi
451 1573 476 1602 si
493 1574 617 1611 linguae
634 1579 759 1603 centum
778 1575 849 1609 sint,
866 1584 981 1611 oraque
998 1581 1135 1607 centum,

269 1623 379 1651 Ferrea
394 1631 463 1658 vox,
482 1623 644 1651 Scotorum
663 1623 803 1659 ingentia
819 1623 917 1652 dicere
934 1623 1036 1651 verbis

268 1671 346 1700 Acta
363 1671 440 1699 satis
457 1672 587 1700 valeam.
633 1672 787 1700 Virtutem
805 1673 968 1701 ostendere
986 1671 1076 1701 factis

268 1720 408 1758 Quisque
423 1720 517 1757 cupit,
534 1721 714 1758 passimque
730 1721 812 1750 cadit
829 1722 1008 1758 perterritus
1025 1722 1157 1758 Anglus.

269 1770 356 1807 Quae
373 1769 471 1804 vobis,
487 1779 567 1807 quae
583 1770 688 1807 digna,
705 1770 772 1805 viri,
790 1781 844 1808 pro
861 1771 977 1800 talibus
993 1771 1080 1799 ausis

271 1818 411 1846 Praemia
429 1828 520 1856 posse
538 1829 604 1847 rear
619 1819 721 1848 solvi?
745 1819 950 1856 pulcherrima
967 1820 1101 1856 primum

271 1867 341 1903 Ipse
358 1867 442 1896 dabit
458 1868 534 1896 caeli
552 1873 657 1902 rector,
675 1874 740 1896 tum
757 1874 878 1898 caetera
895 1869 999 1897 reddet

272 1916 336 1944 Rex
353 1917 492 1951 Carolus,
510 1917 609 1945 meriti
626 1917 704 1946 tanti
722 1927 784 1946 non
802 1918 968 1947 immemor
984 1927 1132 1955 unquam.

272 1966 338 1993 Iam
356 1965 461 2001 gravis
476 1966 630 2002 aequabat
647 1966 748 1994 luctus
764 1972 793 1995 et
810 1971 919 1995 mutua
937 1967 1065 1995 Mavors

272 2013 411 2047 Funera3
433 2015 603 2043 caedebant
621 2015 732 2051 pariter
749 2016 923 2052 pariterque
940 2017 1069 2044 ruebant

272 2062 414 2091 Victores
430 2063 575 2100 victique,
592 2073 692 2100 neque
709 2064 758 2092 his
777 2064 851 2101 fuga
867 2070 942 2094 nota
959 2074 1014 2093 nec
1031 2065 1100 2099 illis,

275 2111 516 2149 Caedunturque
531 2113 635 2147 duceS,
652 2113 733 2142 cadit
749 2119 779 2142 et
795 2113 862 2142 sine
879 2113 1007 2142 nomine
1023 2114 1147 2149 vulgus.

274 2161 314 2189 At
331 2170 402 2189 vero
420 2161 578 2199 ingentem
595 2163 740 2199 quatiens
756 2169 820 2192 tum
840 2164 970 2192 Carolus
987 2163 1112 2191 hastam

1359 203 1416 241 183
