1883 2730
467 197 506 228 24

491 631 529 657 90

492 875 528 904 95

476 1122 530 1140 100

480 1366 531 1394 ¹05

481 1613 534 1630 110

480 1857 532 1884 115

850 193 947 218 MUSA
974 191 1113 216 LATlNA
1139 191 1437 217 ABERDONENSIS.

713 273 902 302 Consimiles
916 273 1016 302 foetus
1030 272 1041 301 ?
1087 273 1214 301 Steriles
1231 282 1285 301 nec
1307 272 1424 300 vitibus
1439 271 1504 300 orni

711 323 910 359 Gignuntur;
926 331 1059 359 magnos
1076 331 1191 357 magna
1208 321 1250 349 sic
1268 321 1362 358 stirpe
1377 320 1470 349 creari

712 372 874 406 Convenit,
893 377 922 400 ct
940 371 1050 408 pariter
1065 380 1206 399 crescens
1221 370 1431 399 crescentibus
1447 369 1539 397 annis

713 422 785 458 Ipsa
802 421 893 448 dabat
910 420 1007 449 virtus
1024 419 1116 448 sortis
1132 419 1317 448 documenta
1330 418 1459 448 futurae.

714 471 785 499 Non
804 470 829 498 is
846 469 985 498 fortunae
1001 469 1140 496 tumidus
1157 468 1351 496 successibus
1367 468 1447 496 altae

711 520 813 558 (Quod
832 519 909 547 solet
925 527 994 546 esse
1011 517 1152 553 frequens
1169 517 1293 545 sublimi
1311 517 1382 546 sede
1399 516 1520 554 locatis)

715 568 885 605 Spernebat
901 572 1019 601 tenues,
1038 566 1123 594 vultu
1142 575 1196 594 nec
1212 566 1338 594 tetricus
1355 566 1434 594 ullos

713 617 843 646 Arcebat
859 616 972 650 tristes,
990 615 1041 643 sed
1059 614 1160 643 verbis
1175 614 1372 651 alloquioque

715 666 750 694 In
767 670 895 694 cunctos
912 663 1018 697 facilis,
1037 673 1145 700 parcus
1162 663 1230 692 licet
1248 672 1344 700 usque
1361 663 1514 700 loquendi.

715 715 780 744 Nec
795 714 960 742 minimum
978 713 1078 741 laudis
1093 713 1218 741 tacitam
1236 713 1416 742 concludere
1433 713 1572 749 linguam

713 763 911 801 Compressis
928 762 1030 797 labris,
1048 762 1164 790 multos
1179 771 1249 790 cum
1267 762 1366 790 multa
1382 763 1528 799 loquutos

715 813 876 842 Paeniteat
891 823 897 845 ;
913 821 1013 846 verax,
1031 811 1132 839 cuncti
1150 811 1361 839 simulaminis
1377 820 1495 848 expers,

716 863 952 898 Promissaeque
968 867 1060 890 tenax
1077 860 1156 895 fidei,
1174 870 1230 890 nec
1243 866 1329 890 veste
1342 861 1502 898 superbus,

716 913 750 941 In
767 912 849 941 victu
868 911 1018 944 modicus,
1036 910 1077 938 nil
1094 910 1189 947 hepar
1205 909 1284 938 sellis
1299 910 1440 945 habebat,

715 963 843 998 Semper
858 959 1012 988 amicitias
1027 959 1183 988 constanti
1201 958 1320 988 foedere
1337 960 1472 996 prudens

716 1012 794 1040 Cum
811 1009 930 1038 cunctis
945 1008 1049 1041 coluit,
1066 1018 1134 1037 sese
1151 1017 1212 1036 non
1229 1009 1338 1037 extulit
1354 1009 1426 1037 ullis

717 1060 792 1088 Prae
809 1058 931 1096 paribus
947 1057 1028 1086 fastu
1046 1057 1164 1093 nimio3
1180 1057 1308 1086 iactator
1325 1057 1428 1086 inanis

716 1108 807 1136 Haud
824 1112 897 1136 erat.
944 1106 1031 1134 Haec
1048 1106 1144 1134 virtus
1161 1115 1242 1134 nunc
1260 1106 1449 1136 incrementa
1465 1107 1589 1136 tenebat

715 1156 858 1193 Amplius
875 1155 966 1192 inque
982 1155 1047 1183 dies
1064 1155 1215 1189 habitura,
1233 1155 1286 1183 sed
1303 1155 1432 1184 ultimus
1447 1165 1516 1184 ecce

718 1207 836 1243 Figitur
852 1206 900 1234 hic
917 1205 1006 1233 limes
1020 1214 1180 1241 rerumque
1193 1205 1365 1234 novissima
1378 1211 1468 1235 meta.

717 1257 787 1284 Non
805 1255 876 1283 hinc
893 1254 1024 1282 satorum
1043 1263 1158 1291 magno
1174 1254 1339 1283 conamine
1355 1255 1441 1291 leges

718 1305 902 1333 Insimulare
919 1313 1001 1340 paro,
1019 1303 1120 1332 socias
1137 1312 1191 1332 nec
1207 1312 1330 1340 carpere
1346 1309 1449 1332 ternas

720 1355 789 1383 Fert
806 1353 949 1381 animus:
967 1352 1046 1380 tales
1062 1352 1179 1388 spernit
1196 1361 1265 1381 mea
1281 1362 1371 1380 musa
1387 1353 1538 1389 querelas.

717 1405 802 1432 Gens
819 1403 929 1430 dex-ota
947 1401 1014 1428 Deo
1030 1401 1190 1437 peregrina
1207 1401 1282 1430 haee
1299 1401 1427 1429 numina
1444 1401 1551 1430 nescit.

717 1452 806 1490 Quod
825 1451 849 1479 si
867 1460 937 1478 vcra
954 1449 1051 1478 forent
1068 1460 1146 1486 quae
1162 1450 1290 1478 barbara
1307 1451 1460 1487 praedicat
1477 1456 1562 1479 aetas

719 1500 856 1534 Somnia,
875 1499 920 1528 vel
939 1499 1029 1528 nobis
1046 1508 1215 1528 moerorem
1233 1498 1295 1528 sata
1311 1500 1470 1528 dedissent

719 1551 927 1583 Praesentem,
945 1548 1032 1584 queis
1049 1557 1110 1576 non
1128 1548 1295 1577 incesseret
1312 1548 1370 1576 ista
1387 1549 1518 1585 querelis

717 1598 868 1637 Quisquis
883 1603 968 1626 amat
985 1606 1092 1625 musas
1109 1602 1232 1626 nostras
1247 1602 1300 1625 aut
1316 1598 1480 1626 commoda
1495 1599 1606 1626 curat?

758 1648 798 1676 At
814 1653 844 1675 tu
863 1656 975 1682 magne
992 1655 1102 1682 parens
1118 1646 1191 1675 celsi
1208 1652 1352 1683 regnator
1367 1646 1504 1683 Olympi,

720 1698 758 1726 Et
775 1706 852 1734 quas
869 1702 946 1724 terra
962 1696 1043 1732 capit
1060 1705 1158 1724 rerum
1176 1696 1226 1732 qui
1244 1694 1342 1724 flectis
1355 1696 1502 1730 habenas,

718 1747 873 1782 Tempora
890 1745 940 1781 qui
957 1745 1047 1773 rebus
1064 1744 1181 1773 metiris
1196 1750 1278 1773 certa
1294 1744 1476 1782 quibusque,

718 1795 762 1824 Te
779 1805 846 1824 mea
863 1795 953 1823 verba
972 1798 1088 1830 petunt,
1106 1794 1143 1822 ad
1161 1799 1189 1822 te
1206 1802 1273 1822 mea
1289 1793 1427 1822 carmina
1443 1798 1539 1822 verto.

719 1844 876 1880 Auspiciis
891 1849 938 1872 est
955 1843 1004 1871 ille
1022 1842 1083 1870 tuis
1099 1852 1133 1871 ac
1149 1843 1277 1871 numine
1293 1842 1381 1871 terris

721 1894 891 1929 Exemptns
907 1892 1009 1920 subito
1023 1902 1029 1924 ;
1046 1897 1151 1920 nostra
1168 1901 1229 1920 non
1247 1900 1391 1928 quaerere
1404 1890 1504 1925 refert,

721 1943 786 1970 Nec
801 1941 882 1978 capit
898 1941 1053 1969 humanae
1070 1940 1186 1969 mentis
1202 1940 1327 1969 solertia
1344 1940 1421 1968 tanti

719 1990 848 2020 Consilii
865 1999 996 2021 causas;
1012 1994 1064 2018 tua
1082 1995 1154 2018 sunt
1172 1989 1317 2018 sublimia
1334 1989 1424 2018 nobis

719 2041 816 2070 Gesta
833 2039 926 2068 nimis
940 2049 945 2068 :
963 2039 1043 2076 quod
1061 2039 1136 2068 scire
1153 2038 1240 2068 nefas
1255 2048 1308 2068 cur
1323 2038 1399 2067 scire
1415 2038 1549 2067 laborem
1565 2037 1575 2065 Ρ

721 2090 777 2118 Est
793 2090 998 2126 quodcunque
1014 2088 1089 2117 facis
1106 2094 1261 2123 sanctum,
1278 2088 1359 2125 quod
1375 2087 1487 2116 sufficit
1504 2096 1610 2115 unum.

720 2139 847 2167 Caetera
865 2138 916 2167 sed
934 2139 1068 2174 prudens
1085 2138 1202 2174 ignoro,
1220 2137 1323 2174 nilque
1340 2136 1471 2173 superbo
