1903 2724
66 508 100 526 10

64 755 94 784 15

51 1461 88 1480 10

52 1708 84 1737 Ι5

49 1954 87 1973 20

621 223 732 246 imvm
758 223 857 246 LEFs!
867 224 884 247 Ι.

352 303 485 341 Saepius
500 309 530 333 et
547 313 663 341 paenas
679 305 754 332 dant
770 303 930 333 benefacta
947 314 1058 341 graves
1076 315 1081 338 ;

310 352 447 389 Imputat
464 353 600 389 ingenuo
616 353 742 390 genium
761 363 908 390 persaepe
925 354 1066 390 maligni,

347 402 426 430 Cum
439 412 549 431 censor
564 403 646 439 genii
664 403 702 431 sit
720 412 789 431 reus
807 402 872 440 ipse
889 403 980 437 mali;

307 451 393 480 Haec
410 451 509 480 meriti
527 461 594 480 sors
609 451 749 489 (Guilde)
766 452 809 480 tui
826 458 891 486 θεῖς
911 453 1013 480 malus
1029 462 1111 481 error
1127 452 1157 481 in
1175 453 1273 488 hoste,

348 499 419 528 Non
437 500 466 528 in
483 506 512 529 te
529 500 617 537 (puro
633 510 724 537 quem
742 500 795 528 tibi
813 500 940 539 inussit)
957 506 1040 535 crat;

305 549 374 587 Quo
390 549 490 585 magis
510 549 556 577 Ira
574 548 654 583 furit,
671 555 703 578 tu
719 549 826 578 contre}
843 550 1006 578 audentior
1023 550 1065 579 ito
1080 561 1086 584 ;

348 598 448 634 Saepe
464 603 569 627 movet
585 599 722 627 validum
740 599 856 627 vulnus
873 599 902 627 in
919 608 1007 627 arma
1022 600 1131 628 ducem
1147 611 1153 634 ς

304 645 348 674 Te
364 651 416 674 tua
434 646 656 675 flammivomis
674 648 772 684 pietas
789 647 914 676 suffulta
930 641 1090 685 quadrigis

346 696 431 726 Mille
448 707 500 734 per
513 697 625 725 irarum
643 696 773 725 fulmina
792 697 860 726 fusa
878 697 970 731 ferat;

302 746 446 774 Verribus
463 747 528 784 (aut
546 747 649 783 potius
664 751 710 775 tot
727 747 892 783 Vepribus)
909 747 1009 776 obsite
1023 747 1133 782 acutis,

342 795 445 824 Rubra
463 795 541 824 inter
557 795 671 832 rigidos
688 796 731 824 sis
748 805 818 824 rosa
835 795 974 834 (Guilde)
993 797 1095 825 rubos.

684 867 714 898 Α
719 868 797 898 liud.

459 942 506 970 De
522 942 700 971 conditione
717 951 774 970 sua
791 951 852 971 non
870 942 1014 971 absimili.

302 1008 350 1036 Ira
371 1007 591 1045 lssphinstonia
609 1007 735 1036 fratrum
753 1018 831 1045 quae
848 1013 876 1037 te
892 1009 1009 1046 expulit
1025 1011 1096 1038 aula

339 1056 497 1085 Atlantem
514 1057 660 1094 antiquae
676 1062 706 1085 te
722 1057 925 1094 columenque
942 1058 1077 1093 scholae,

298 1106 355 1134 Est
371 1105 490 1140 eadem,
508 1106 665 1134 insontem
684 1106 802 1144 (valeas
818 1107 1014 1145 meminisse)
1032 1107 1210 1136 ministrum

339 1155 390 1184 Me
406 1155 488 1183 simil
507 1155 695 1183 immeritum
714 1155 799 1183 misit
816 1155 846 1183 in
863 1155 1009 1191 exilium3

298 1204 390 1232 Nunc
406 1204 481 1232 mihi
498 1204 546 1232 ias
563 1204 682 1232 sincera
699 1204 792 1241 loqui,
809 1204 876 1233 sine
893 1203 982 1238 felle;
1002 1205 1172 1234 Camoenis

339 1253 474 1281 Exilium
493 1263 510 1281 ο
527 1252 617 1281 faelix
635 1253 884 1290 suppliciumque
901 1253 979 1282 meis
995 1267 1002 1287 ;

296 1304 321 1331 O
339 1303 420 1341 (aliis
437 1303 497 1332 leto
514 1312 692 1340 quanquam
709 1302 860 1331 crudelior
873 1303 954 1341 ipso)

337 1353 386 1380 Ira
402 1358 506 1381 tamen
526 1352 626 1379 Musis
645 1361 789 1388 prospera
807 1351 887 1380 facta
903 1353 1001 1387 meis3

297 1402 387 1430 Exilii
404 1403 485 1430 laeta
502 1402 559 1429 hac
576 1402 633 1429 sub
649 1401 826 1429 conditione
843 1401 978 1435 nefandi,

333 1451 421 1479 Grati
437 1450 534 1479 animi
552 1450 724 1478 immeritas
741 1460 829 1478 sume
846 1451 996 1489 (inimice)
1013 1452 1114 1484 vices3

295 1500 387 1529 Nune
403 1499 516 1528 vestris
533 1499 635 1536 procul
653 1508 721 1528 ecce
737 1499 816 1527 odiis
834 1499 967 1536 rixisque
984 1506 1122 1529 remotus

335 1549 480 1578 Suaviter
496 1548 667 1585 Anglorum
687 1549 792 1586 Mysta
808 1549 866 1577 sub
882 1550 954 1578 orbe
971 1550 1053 1586 viget
1067 1560 1072 1583 ;

293 1599 354 1628 Tot
370 1610 440 1628 cum
457 1599 536 1628 odiis
553 1599 687 1636 rixisque
702 1599 785 1628 domi
803 1599 846 1628 sic
864 1600 1001 1638 (Guilde)
1019 1601 1165 1638 graveris,

336 1649 473 1686 Propitio
489 1649 606 1686 patrios
624 1649 762 1678 Numine
779 1649 883 1687 linque
900 1650 998 1686 lares:

292 1698 464 1733 Anglorum
481 1698 586 1726 dulces
602 1707 724 1726 mecum
742 1698 767 1726 si
783 1698 887 1735 diligis
903 1709 982 1734 oras,

333 1747 429 1775 Crede
445 1747 520 1775 mihi
538 1756 663 1781 merceS,
681 1756 737 1775 nec
753 1747 807 1775 tibi
825 1757 944 1776 maeror
959 1748 1033 1783 erit;

293 1795 353 1824 Hic
370 1795 419 1824 ubi
437 1795 542 1824 nullus
557 1795 624 1828 erit,
642 1805 749 1824 securo
765 1796 815 1832 qui
833 1796 887 1825 tibi
903 1803 1013 1826 cautus

334 1845 467 1874 Evomet
483 1844 576 1873 exitio
591 1844 694 1874 toxica
710 1843 779 1872 fusa
795 1850 866 1879 tuo;

293 1894 364 1922 Non
381 1894 468 1922 canis
484 1895 533 1923 hic
549 1895 645 1924 aderit
659 1904 665 1928 ;
690 1904 746 1924 nec
762 1895 813 1932 qui
830 1894 982 1932 iugulabit
998 1895 1126 1924 Abelem

334 1944 474 1973 Ulterius
490 1945 584 1974 tacita
599 1946 690 1974 caede
707 1946 826 1975 Cainus
842 1945 908 1974 erit.

112 2017 148 2039 19.
169 2010 254 2034 Canis.
291 2010 360 2033 Does
372 2010 404 2033 he
416 2017 489 2033 mean
503 2010 609 2034 Andrew
623 2012 698 2039 Cant,
710 2011 753 2035 the
766 2019 855 2042 enemy
868 2012 893 2034 in
907 2012 958 2034 line
974 2011 1020 2034 lo?

1291 2230 1315 2253 11

1369 228 1432 256 249
