1883 2730
457 194 522 232 380

459 291 514 317 190

457 534 510 562 195

454 778 510 796 200

452 1021 506 1049 ²05

453 1267 508 1285 210

453 1510 508 1538 ²15

455 1755 512 1773 220

454 1998 507 2026 225

854 199 950 224 MUSA
975 198 1111 222 LATINA
1137 197 1414 222 ABERDONENSIS.

700 280 872 309 Fortunam
889 280 938 308 hic
955 279 1025 309 belli
1041 279 1134 308 toties
1149 283 1274 316 experta
1290 278 1436 315 vicesque
1451 283 1508 308 est.

697 328 780 357 Tum
796 339 868 358 vero
885 329 1010 358 alterius
1026 334 1175 357 certatum
1191 332 1239 356 est
1254 327 1403 361 cladibus,
1420 328 1516 356 eheu!

699 377 900 415 Devotasque
915 378 1037 406 animas
1054 376 1144 405 morti
1162 385 1213 413 per
1228 376 1298 410 tela,
1316 385 1368 412 per
1383 376 1490 404 hostes

698 427 782 455 Dum
799 436 884 455 ruere
900 431 1115 463 approperant,
1131 434 1192 454 non
1209 423 1313 454 flentis
1329 425 1367 453 ab
1383 425 1474 454 ubere
1490 425 1599 454 matris

699 475 833 512 Pignora
850 475 1009 509 flexerunt,
1028 483 1089 502 non
1106 483 1195 502 carae
1210 473 1354 512 conjugis
1371 474 1423 502 ulli

696 524 876 561 Amplexus,
894 533 956 552 non
973 533 1046 551 arva
1064 523 1129 551 suis
1145 523 1271 550 viduata
1287 522 1417 552 colonis.

698 573 768 601 Heu
785 573 943 601 desolatas
960 573 1051 600 urbes
1066 574 1070 600 !
1095 572 1153 600 heu
1170 571 1302 607 coniuge
1318 580 1427 600 cassas

696 622 757 651 Tot
773 622 892 655 viduas,
909 621 988 649 caris
1004 630 1176 657 puerosque
1193 621 1373 657 parentibus
1388 621 1498 650 orbos!

736 671 826 699 Alme
845 671 935 699 Pater
950 670 1044 698 talem
1062 669 1135 698 hinc
1151 669 1267 698 nostris
1284 669 1415 699 avertito
1431 675 1552 707 pestem

697 719 838 753 Finibus,
855 724 884 747 et
902 727 1008 755 pacem
1025 718 1132 746 divino
1149 719 1256 747 robore
1273 717 1402 746 firmans

697 768 789 796 Hunc
806 768 920 796 laetum
938 767 1098 804 Scotisque
1114 767 1195 795 diem
1212 766 1400 804 Tamesique
1417 766 1561 804 profectis

698 817 775 845 Esse
792 816 879 850 velis,
897 821 1082 852 nostrosque
1099 815 1192 844 huius
1209 816 1392 844 meminisse
1409 820 1548 852 nepoteS.

694 865 783 893 Adsit
800 864 935 893 laetitiae
953 864 1096 893 Bacchus
1112 865 1200 893 dator
1215 869 1246 893 et
1261 865 1341 893 bona
1357 873 1451 893 cornu

694 914 800 950 Copia.
846 913 1070 949 Magnanimos
1087 923 1221 950 namque
1237 913 1319 942 haud
1336 913 1500 942 furibunda
1517 913 1640 950 flagello

694 962 875 998 Sanguineo
894 962 1024 990 Bellona
1041 963 1135 991 duces
1153 962 1215 990 iarn
1233 962 1332 998 poscit
1349 963 1387 990 ad
1404 972 1498 996 arma,

692 1011 825 1039 Tessera
843 1020 903 1039 non
920 1011 1019 1039 caedit
1037 1011 1172 1047 signum,
1190 1020 1252 1039 non
1270 1009 1399 1038 flumina
1416 1011 1568 1039 inundant

697 1059 867 1096 Sanguine,
885 1060 937 1088 sed
955 1060 1066 1096 positis
1083 1059 1178 1088 arinis
1196 1060 1225 1088 in
1243 1060 1346 1088 saecla
1363 1065 1522 1088 recurrunt

695 1109 797 1137 Aurea
813 1114 842 1137 et
859 1109 994 1137 aeternis
1012 1108 1193 1137 firmissima
1210 1108 1433 1138 fundamentis.

737 1158 787 1186 Sic
803 1163 861 1194 eat,
878 1164 971 1195 atque
988 1158 1101 1187 hilares
1118 1158 1210 1186 libeat
1227 1158 1436 1187 transmittere
1453 1158 1524 1186 ludo

696 1207 778 1235 Hinc
795 1212 902 1236 noctes
917 1213 1010 1244 atque
1027 1207 1097 1236 inde
1113 1207 1197 1236 dies:
1220 1208 1313 1243 iuvat,
1331 1216 1368 1236 en
1386 1207 1480 1241 iuvat,
1499 1207 1561 1236 alta

695 1256 883 1285 Pervolitare
899 1256 980 1293 iuga,
997 1262 1050 1284 aut
1067 1261 1157 1285 vasto
1173 1266 1233 1293 qua
1250 1266 1363 1285 saevus
1380 1256 1410 1284 in
1427 1261 1516 1285 antro

695 1305 789 1333 Abdit
805 1315 878 1342 aper
893 1306 1023 1334 catulos.
1069 1305 1119 1334 Sic
1136 1305 1235 1342 poscit
1252 1306 1345 1334 odora
1361 1314 1474 1334 canum
1492 1305 1547 1340 vis,

696 1354 735 1382 Et
752 1354 824 1388 lato,
841 1364 893 1382 rex
908 1363 1031 1391 magne,
1049 1359 1100 1382 tua
1117 1354 1191 1382 haec
1209 1354 1361 1382 venabula
1378 1353 1465 1388 ferro,

696 1403 844 1440 Quaeque
861 1402 940 1432 feras
957 1404 1053 1432 reddit
1071 1403 1175 1432 faciles
1192 1403 1267 1432 haec
1284 1403 1387 1432 mitior
1403 1413 1494 1432 aurae

696 1451 878 1488 Temperies
894 1457 986 1489 atque
1003 1452 1103 1481 avidis
1119 1452 1180 1481 iam
1198 1452 1320 1481 subdita
1337 1451 1465 1480 flamma
1480 1452 1634 1481 medullis.

698 1501 779 1529 Nam
796 1501 915 1535 Venus,
933 1507 965 1529 ut
983 1501 1130 1530 blandum
1148 1501 1276 1538 inspiret
1293 1510 1345 1538 per
1362 1506 1484 1538 pectora
1499 1510 1647 1536 amorem,

696 1549 788 1577 Nunc
806 1549 944 1586 Paphon,
965 1550 1159 1587 Idaliumque
1177 1560 1279 1584 suum,
1297 1560 1379 1578 nunc
1395 1551 1457 1578 alta
1475 1550 1611 1588 Cythera

698 1598 858 1634 Linquens
875 1604 947 1627 nota
966 1600 1047 1627 subit
1066 1599 1183 1636 placide
1201 1600 1325 1636 spelaea
1341 1599 1483 1627 serarum.

696 1647 783 1685 Quas
799 1653 884 1676 actas
900 1648 1000 1676 caecis
1017 1648 1154 1676 stimulis
1170 1648 1234 1682 tibi,
1253 1647 1388 1676 maxime
1405 1657 1522 1683 regum,

697 1696 788 1731 Cogit
804 1705 912 1730 ovanS‚
931 1706 1040 1724 raucos
1056 1702 1206 1725 renovant
1223 1697 1296 1724 dum
1313 1705 1427 1725 cornua
1444 1695 1546 1731 flatus,

699 1744 853 1773 Montium
871 1750 900 1773 et
916 1755 1048 1774 assensu
1066 1756 1125 1774 vox
1142 1746 1334 1781 ingeminata
1351 1745 1494 1781 remugit.

696 1793 834 1821 Saltibus
850 1803 919 1822 ecce
935 1794 1027 1822 etiam
1048 1794 1146 1822 Fauni
1166 1794 1367 1830 Dryadesque
1385 1793 1500 1822 relictis

693 1842 911 1878 Virgineisque
927 1842 1029 1871 choris
1045 1842 1161 1871 accedit
1179 1842 1269 1870 Delia
1285 1842 1395 1876 cincta,

696 1891 784 1919 Delia
801 1900 879 1927 quae
896 1900 1048 1926 moerens,
1066 1895 1095 1919 te
1112 1900 1223 1927 nempe
1239 1892 1378 1924 absente,
1396 1895 1441 1919 tot
1458 1900 1558 1920 annos

696 1940 858 1976 Spreverat
874 1949 959 1968 arma
977 1940 1042 1968 suis
1059 1939 1189 1968 nimium
1206 1941 1334 1968 desueta
1351 1940 1525 1976 triumphis.

694 1989 734 2016 At
750 1988 899 2017 comitum
916 1998 932 2017 e
947 1988 1072 2016 latebris
1088 1988 1166 2016 aliae
1183 1988 1355 2025 pavitantia
1371 1989 1496 2016 turbant

694 2037 831 2074 Agmina
846 2047 1006 2066 cervorum
1023 2037 1132 2071 iaculo,
1149 2037 1344 2066 convallibus
1360 2037 1432 2065 imis

695 2086 903 2123 Praecipitant
920 2087 1007 2121 aliae,
1024 2086 1111 2115 celeri
1130 2086 1201 2122 iuga
1219 2095 1341 2114 summa
1359 2087 1464 2114 volatu

694 2135 895 2163 Contendunt
912 2144 1054 2172 superare
1070 2135 1168 2163 aliae:
1195 2135 1286 2163 simul
1304 2135 1416 2163 emicat
1433 2135 1545 2163 ardens
