1883 2730
448 192 516 223 420
848 193 941 218 MUSA
968 193 1103 218 LATINA
1129 193 1407 218 ABERDONENSIS.

449 282 484 311 35
692 274 822 303 Finibus
838 280 886 304 est
901 281 1012 304 conata
1028 285 1141 304 manus
1158 274 1321 309 malefidam
1344 276 1396 304 sed
1412 285 1509 304 ausus

694 324 762 352 Hos
778 324 833 353 luit
850 326 975 353 aeterna
991 325 1116 353 tandem
1134 325 1284 353 subversa
1299 324 1396 354 ruina.

690 373 771 411 Quid
791 373 877 402 Brito
893 374 991 410 potuit
1007 373 1017 402 Ρ
1041 373 1184 410 quamvis
1201 373 1361 402 molimine
1377 383 1492 411 magno

694 422 838 459 Undique
853 422 981 451 ferratas
997 422 1078 451 acies
1095 422 1239 460 objecerit
1255 423 1346 452 hosti.

692 471 772 509 Quid
788 471 839 508 qui
855 471 1005 508 depositis
1020 472 1115 500 armis
1131 472 1192 500 iam
1210 481 1279 509 rege
1295 473 1352 500 sub
1369 482 1430 501 uno

449 530 487 555 40
691 520 842 548 Concordi
858 520 955 548 coiere
973 520 1053 557 iugo,
1072 520 1267 558 fraternaque
1285 520 1392 550 fratres

693 569 820 597 Pectora
837 569 992 605 promeriti
1011 575 1160 598 renovant
1179 570 1324 598 Saturnia
1342 570 1464 600 saecla?

693 618 761 656 Quo
778 617 895 647 fessum
913 627 962 647 me
980 618 1080 647 Roma
1096 621 1180 656 rapis
1195 619 1205 648 ?
1230 629 1308 656 quas
1324 629 1392 649 aere
1408 620 1581 657 phalanges

691 668 822 696 Cernere
838 667 992 705 fulgentes
1007 668 1134 697 videor?
1159 678 1328 705 regumque
1344 669 1518 706 ducumque

692 718 778 755 Quas
796 723 924 754 strages,
942 717 1071 754 fusoque
1088 718 1257 746 undantem
1275 718 1428 755 sanguine
1445 718 1617 746 Fortham?

450 776 485 804 45
690 767 750 795 Tot
767 772 871 795 tamen
889 767 946 796 hos
963 776 1063 802 casus,
1081 767 1157 795 haec
1174 772 1218 796 tot
1235 766 1414 796 discrimina
1430 767 1499 795 belli

691 815 771 844 Vicit
786 825 873 844 amor
889 815 1004 852 patriae
1021 815 1182 852 famaeque
1199 816 1305 844 innata
1320 816 1440 853 cupido.

692 864 742 892 Sic
758 864 812 892 tibi
830 874 888 899 rex,
906 865 949 893 sic
965 874 1078 901 magne
1095 865 1157 893 tuis
1173 865 1316 894 diadema
1333 870 1488 902 perennet.

693 913 772 942 Ecce
791 913 946 942 Iainesoni
964 914 1101 942 tabulam
1120 914 1244 951 pictoris
1259 915 1264 942 !
1289 915 1327 942 ab
1343 915 1407 943 alto

140 966 240 990 Scotiae
253 973 327 1003 [egres
692 962 851 999 Sanguine
866 962 994 999 Fergusi
1012 972 1144 1000 proavos
1161 973 1212 1000 per
1228 968 1394 992 stemmata
1411 963 1518 1000 pictos.

141 1006 312 1029 magnanimi.
448 1021 485 1048 50
692 1011 816 1039 Eminet
833 1011 898 1047 ipse
916 1017 1018 1047 pater:
1043 1012 1139 1041 series
1155 1012 1299 1041 animosa
1315 1022 1447 1050 superne

691 1060 816 1089 Eminet
831 1070 835 1088 :
861 1061 932 1089 hinc
949 1061 1012 1089 nati
1031 1061 1172 1097 subeunt,
1191 1062 1273 1090 subit
1289 1063 1410 1090 aemula
1428 1062 1526 1091 virtus

691 1110 848 1146 Laetaque
865 1110 1017 1138 maiorum
1036 1120 1104 1139 sese
1119 1111 1293 1140 diademate
1309 1111 1415 1147 cingit.

689 1160 715 1187 ()
731 1159 873 1188 diadema
889 1159 992 1188 omnis
1009 1160 1108 1188 meriti
1126 1160 1173 1188 vis
1189 1160 1273 1197 ipsa!
1297 1169 1410 1189 corona

691 1207 797 1243 Magni
815 1209 930 1236 animi!
955 1218 1123 1245 regumque
1139 1210 1240 1244 decus,
1258 1209 1308 1245 qui
1326 1208 1456 1238 fortibus
1471 1210 1566 1238 armis

446 1265 482 1294 55
690 1257 864 1286 Exninuere.
912 1257 1035 1286 Habeat
1052 1258 1166 1295 primas
1184 1258 1240 1286 sibi
1260 1259 1412 1286 Romulus
1428 1259 1477 1287 ille

690 1306 871 1336 Scotorum:
897 1307 977 1335 haud
995 1307 1089 1343 longo
1104 1307 1152 1335 cui
1170 1307 1328 1344 proximus
1345 1307 1506 1336 intervallo

689 1356 881 1391 Cari-atacus,
901 1355 1000 1385 fidens
1016 1356 1112 1384 animi
1129 1361 1221 1392 atque
1238 1356 1268 1384 in
1286 1362 1449 1392 utrumque
1466 1362 1600 1393 paratus,

692 1405 752 1433 Seu
769 1405 919 1433 domitare
935 1405 1057 1433 hostem
1076 1414 1129 1433 seu
1146 1411 1246 1434 certae
1262 1406 1443 1434 occumbere
1460 1405 1559 1434 morti.

691 1453 765 1482 Mox
782 1454 956 1483 Corbredus
971 1455 1058 1483 adest
1074 1454 1195 1491 aquilae
1211 1459 1416 1491 contemptor,
1433 1459 1463 1483 et
1480 1455 1581 1483 audax

447 1506 485 1532 60
692 1503 861 1540 Rogemus,
882 1505 950 1532 belli
968 1505 1028 1533 duo
1045 1503 1182 1539 fulmina,
1201 1504 1322 1541 dispare
1337 1503 1480 1540 quamvis

692 1552 839 1581 Fortuna.
884 1553 1030 1591 Quantus
1048 1553 1147 1590 prodit
1166 1553 1337 1590 Fergusius
1353 1553 1451 1582 alter?

691 1601 785 1630 Omni
804 1602 863 1630 iam
882 1602 981 1639 posita
998 1612 1052 1639 spe
1069 1603 1219 1631 libertatis
1236 1603 1266 1631 in
1282 1607 1375 1637 arcto,

693 1650 758 1678 lam
776 1651 873 1687 patriai
888 1651 1014 1684 amissa,
1031 1651 1103 1680 vicit
1119 1657 1223 1680 tamen
1241 1651 1284 1680 ira
1303 1651 1427 1680 Leonis.

693 1700 743 1728 Sic
759 1699 812 1728 tibi
830 1709 880 1729 rex
897 1700 939 1728 sic
956 1709 1069 1735 magne
1086 1701 1147 1729 tuis
1163 1700 1305 1729 diadema
1321 1705 1478 1737 perennet.

449 1754 485 1787 65
694 1749 728 1776 In
746 1754 887 1777 nostrum
905 1749 1051 1778 fabricata
1068 1749 1123 1777 fuit
1140 1759 1217 1786 quae
1234 1749 1379 1778 machina
1396 1758 1519 1784 nomen,

695 1798 760 1826 Ηὶιε
777 1797 835 1826 ruit
852 1798 882 1826 in
901 1797 1005 1826 Pictos
1023 1798 1117 1826 Pictis
1134 1798 1300 1826 acerrimus
1316 1798 1417 1826 hostis

694 1847 878 1875 Kennethus
893 1857 898 1876 :
924 1846 1079 1883 finemque
1095 1847 1186 1875 malis
1203 1847 1351 1884 gentique
1368 1846 1519 1876 nefandae

693 1896 846 1924 Funditus
863 1905 988 1925 eversae
1005 1905 1183 1933 supremum
1202 1896 1281 1925 fecit.
1324 1896 1451 1924 Avitum

693 1945 816 1981 Magne,
835 1945 897 1980 tibi,
916 1955 966 1974 rex
983 1954 1095 1981 magne
1111 1945 1173 1973 tuis
1191 1945 1333 1974 diadema
1350 1951 1505 1981 perennet.

453 2004 487 2030 70
694 1994 842 2023 Brussius
858 1995 916 2023 hoc
932 1995 1088 2030 quondam
1106 1994 1266 2022 redimitus
1282 1999 1430 2031 tempora,
1448 1993 1501 2022 fati

692 2043 829 2072 Turbine
845 2043 1046 2080 fortunaeque
1062 2043 1146 2071 omni
1164 2043 1340 2071 discrimine
1357 2043 1464 2077 maior,

695 2092 821 2121 Floruit.
868 2092 916 2120 En
933 2092 1049 2129 clipeos
1065 2097 1224 2120 consertos
1240 2091 1364 2128 agmine
1381 2092 1485 2127 denso,

694 2141 926 2178 Oppositasque
943 2141 1042 2170 hastis
1059 2141 1184 2174 hastas;
1209 2150 1260 2177 per
1276 2141 1346 2176 tela,
1365 2151 1417 2177 per
1432 2150 1524 2170 enses
