1883 2730
455 486 491 515 55

453 723 491 751 60

451 969 486 1004 65

451 1220 488 1247 70

450 1465 484 1494 75

850 202 944 225 MUSA
971 201 1079 225 LATIN
1086 202 1107 225 A
1134 202 1301 225 ABERDON
1307 202 1410 226 ENSIS.

699 283 819 319 Scripta
837 283 987 319 Sophum.
1032 283 1135 312 Vitreo
1153 283 1238 311 solus
1255 283 1323 319 plus
1339 283 1460 319 gurgite
1479 283 1613 312 Maenus

701 332 861 360 Librorum
879 341 971 368 quam
990 332 1085 360 volvit
1102 342 1199 368 aquas
1216 332 1263 360 hie
1281 331 1452 368 praestinat
1468 332 1559 365 orbis,

699 381 784 409 Hora
802 390 890 417 pares
906 381 1028 417 quoties
1043 381 1184 417 adiungit
1202 381 1320 409 lucibus
1337 381 1471 409 umbras,

700 429 770 457 Non
788 434 834 458 est
851 430 932 466 quod
949 435 1066 458 metuat
1084 431 1163 459 male
1180 430 1258 465 grati
1276 429 1390 458 oblivia
1406 429 1507 464 saecli,

700 479 770 506 Non
787 478 878 513 orbis,
896 478 1037 507 tineaeve
1054 479 1173 508 minas:
1199 479 1255 507 hac
1271 484 1335 507 arte
1352 483 1518 513 senectam,

696 527 755 566 Qui
773 527 902 564 scriptor
918 528 1029 564 posuit,
1049 533 1156 556 vernat
1173 533 1340 556 renovatus
1356 527 1385 556 in
1402 536 1524 561 aevum,

697 576 731 604 ln
749 576 845 613 pretio
861 586 1046 613 quacunque
1063 582 1169 614 patent
1190 577 1352 605 Heliconia
1370 586 1467 605 sacra.

695 625 809 653 Omnia
827 630 900 653 sunt
915 630 1039 654 aeterna
1057 626 1148 662 typis,
1167 626 1334 662 emplastra
1353 625 1476 659 Galeni,

696 674 791 703 Rauci
809 674 874 702 iura
891 673 956 708 fori,
975 675 1136 711 sanctique
1152 675 1253 703 oracla
1272 674 1386 708 Sionis,

697 723 915 761 Pieridumque
932 728 1049 760 reperta
1066 732 1188 752 novem.
1241 723 1320 751 Proh
1337 728 1453 759 quanta
1471 723 1602 757 tulisset,

695 772 829 807 Cognita
846 771 869 799 si
889 771 998 808 priscis
1013 782 1074 806 ars,
1093 777 1215 800 nostrae
1232 772 1396 800 commoda
1412 772 1493 800 vitae
1508 772 1513 799 !

698 821 835 849 Dimidio
853 821 953 849 rninor
968 827 1015 850 est
1032 821 1169 852 Tacitus.
1188 821 1256 858 plus
1274 826 1389 850 moeret
1405 821 1586 857 ademptum

697 869 814 903 Livius,
831 875 859 898 et
876 875 940 898 toto
956 875 1163 906 consumptus
1178 879 1303 907 corpore
1320 869 1442 905 Trogus

695 919 838 947 Vindicat
855 929 872 947 a
888 919 1024 948 tenebris
1041 919 1118 947 tanti
1137 919 1195 947 nisi
1213 919 1349 947 nominis
1366 919 1517 947 umbram.

695 967 765 995 Heu
783 968 918 996 saeclum
937 967 1082 996 inscitum
1099 968 1103 995 1
1131 968 1278 996 Servasse
1296 967 1470 996 monastica
1487 967 1576 995 nobis

697 1016 903 1044 Rettrimenta
920 1025 1040 1048 senum,
1059 1017 1186 1052 laqueos
1202 1021 1368 1052 pestesque
1385 1015 1548 1049 iuventae;

699 1065 874 1093 Extinxisse
891 1070 993 1093 autem
1011 1065 1186 1093 certissima
1204 1065 1322 1092 lumina
1340 1064 1431 1098 vitae,

697 1114 796 1150 Rapta
815 1114 884 1150 polo
903 1114 1146 1142 Phaethontaeis
1163 1123 1293 1142 accensa
1309 1113 1467 1150 quadrigis

697 1163 835 1191 Heroum
854 1162 999 1190 manibus
1015 1163 1122 1198 genuit
1138 1171 1215 1199 quos
1232 1162 1387 1190 maximus
1405 1162 1546 1191 Hermes.

695 1211 745 1240 Sic
762 1212 878 1246 lolium,
897 1213 939 1240 sic
956 1212 1047 1248 lappa
1064 1212 1171 1246 virent,
1187 1217 1216 1240 et
1234 1211 1354 1240 semine
1370 1211 1421 1239 vili

697 1260 885 1297 Perpetuant
902 1261 1039 1288 sobolem
1058 1260 1141 1288 nulla
1158 1259 1320 1289 formidine
1337 1260 1453 1289 mortis.

694 1309 862 1337 Narcissus
879 1318 1052 1346 suavesque
1069 1318 1155 1338 rosae
1171 1314 1314 1338 cessante
1330 1309 1431 1338 labore

694 1358 870 1395 Exspirant,
889 1358 1074 1395 penitusque
1089 1359 1212 1386 animas
1233 1368 1284 1395 per
1301 1358 1406 1386 inania
1423 1357 1564 1392 fundunt,

693 1407 874 1435 Ambrosias
891 1407 1024 1440 animas,
1043 1417 1096 1436 nec
1113 1417 1185 1444 spes
1201 1408 1290 1435 datur
1307 1407 1367 1436 ulla
1385 1407 1512 1436 renasci.

690 1457 716 1485 O
735 1457 809 1491 Dea,
827 1466 904 1493 quae
922 1466 1026 1485 servas
1044 1457 1203 1493 pereuntia
1219 1457 1363 1485 dentibus
1379 1456 1454 1491 aevi,

693 1505 780 1540 Fare,
797 1505 866 1542 quis
884 1505 1008 1541 ingenio
1025 1506 1182 1534 mirandas
1198 1506 1315 1534 extudit
1332 1511 1424 1540 artes,

694 1554 794 1592 Quem
814 1554 963 1591 Superum
982 1556 1079 1591 primo
1097 1564 1145 1583 rex
1161 1561 1208 1583 est
1225 1555 1372 1590 dignatus
1389 1554 1526 1583 honore?

694 1603 778 1631 Laus
796 1608 932 1631 veterum
949 1609 995 1632 est
1013 1604 1161 1632 meruisse
1179 1604 1282 1632 omnis
1298 1603 1460 1640 praeconia
1476 1603 1586 1638 famae,

695 1652 732 1680 Et
749 1652 902 1688 sprevisse
920 1652 1020 1680 simul.
1067 1654 1142 1681 Sese
1157 1658 1241 1681 extra
1258 1662 1400 1689 quaerere
1417 1652 1515 1680 nescit

694 1701 866 1729 Mercedem
884 1701 981 1728 virtus
996 1713 1002 1729 :
1027 1702 1130 1729 minus
1147 1707 1192 1729 est
1209 1702 1413 1737 quodcunque
1430 1701 1588 1738 rependas

692 1749 771 1778 Vilia
788 1750 867 1778 tollit
885 1750 980 1777 humo
997 1751 1115 1778 venalis
1132 1750 1260 1778 buccina
1277 1749 1373 1786 plebis

693 1798 787 1827 Facta
804 1798 912 1833 virum,
930 1799 1080 1835 sudatque
1098 1808 1240 1835 premens
1258 1798 1397 1834 ingentia
1414 1799 1496 1826 livor.

693 1847 741 1875 An
758 1847 864 1881 veluti,
883 1848 962 1875 unde
980 1846 1079 1875 fluunt
1097 1847 1260 1876 mediocria
1278 1846 1416 1882 flumina,
1435 1847 1551 1884 primae

694 1895 910 1924 Monstramur
926 1897 1093 1930 scatebrae,
1112 1896 1174 1924 Nili
1192 1896 1351 1931 ignoratur
1366 1896 1452 1931 origo

693 1944 879 1981 Aethiopum
899 1949 1018 1973 semota
1035 1945 1133 1981 iugis:
1161 1944 1204 1972 sic
1221 1945 1356 1972 maxima
1374 1954 1472 1973 rerum

693 1994 776 2022 Scire
793 1992 886 2028 nefas,
905 2003 1078 2030 causasque
1097 1993 1163 2021 Deo
1180 1993 1380 2022 transcribere
1398 2003 1451 2030 par
1465 1993 1536 2022 est?

694 2043 877 2070 Humanum
896 2042 924 2070 in
943 2042 1062 2079 siliquis
1080 2042 1281 2079 minimisque
1298 2043 1432 2071 senescit
1448 2052 1587 2071 acumen.

690 2092 768 2130 Quis
784 2091 886 2120 docuit
904 2092 1020 2120 sulcare
1036 2100 1161 2120 omnem
1179 2091 1245 2119 sine
1263 2091 1359 2120 sidere
1375 2091 1509 2128 Tethyn,

691 2140 910 2176 Neglectisque
927 2139 997 2168 seris
1015 2139 1072 2176 ipsi
1089 2141 1274 2168 contendere
1292 2140 1427 2174 Phoebo,
