1883 2730
463 206 525 238 302
856 204 950 228 MUSA
977 202 1111 228 LATINA
1139 202 1420 227 ABERDONENSIS.

827 285 945 315 T1TUL1
970 285 1125 314 Fon'rruM
1149 285 1460 313 ABREDONIENSWM.

780 360 804 390 Ι.
828 358 1029 400 [Castlegate]
1051 359 1161 388 Fontis
1184 358 1336 387 Prinmrii
1361 358 1393 386 in
1415 357 1506 386 Foro.

898 417 990 446 Anno
1009 416 1146 446 Domini.
1171 415 1387 445 M.DCC.V11.

525 475 663 504 Maximo
687 475 809 504 Civium
832 475 996 504 commodo
1021 474 1175 511 Urbisque
1197 478 1391 508 ornamento,
1408 472 1516 509 Aquae
1532 471 1691 500 Cardanae
1716 468 1821 498 saluti-

464 525 554 560 ferae,
573 526 674 554 labore
690 525 816 554 tandem
836 525 998 559 Herculeo,
1015 524 1075 552 huc
1091 529 1164 552 sunt
1181 522 1328 552 foeliciter
1343 522 1461 550 ductae.

747 573 867 602 Tantae
885 573 975 602 molis
991 578 1055 602 erat
1072 573 1232 601 Cardanas
1248 571 1356 600 ducere
1373 570 1536 608 1ymphas;

751 623 793 652 Ut
809 622 955 659 lymphae
971 621 1081 657 fluxus,
1099 621 1143 650 sic
1162 621 1281 649 Horum
1299 619 1382 648 fama
1400 628 1541 656 perenne.

818 679 858 709 II.
885 679 1085 716 [Broadgatc]
1111 678 1218 707 Fontis
1242 678 1272 706 in
1302 678 1359 706 Via
1384 677 1475 705 Lam.

749 737 910 766 Cardanus
929 737 1069 765 Medicus
1088 737 1218 765 Fontem
1237 736 1415 763 laudaverat
1433 734 1518 767 olim,

750 786 877 815 Civibus
895 785 1056 813 immissus
1073 786 1196 814 tandem
1216 784 1290 813 fluat
1307 793 1403 820 usque
1421 783 1550 811 saluber.

750 852 808 880 111.
833 851 888 891 [At
912 852 959 880 the
983 850 1250 890 CollegeJFonlis
1273 851 1314 878 ad
1337 849 1549 878 Academiam.

754 909 823 938 Huc
840 909 939 937 undas
958 909 1108 937 Helicone
1124 913 1208 937 ortas
1225 907 1281 937 fert
1298 917 1359 936 una
1377 907 1532 940 Sororum,

752 959 813 987 Ora
829 959 940 995 quibus
957 958 1043 986 Civis
1060 957 1172 994 proluit
1189 962 1280 994 atque
1297 957 1390 985 labra.

764 1024 816 1053 IV.
844 1024 1065 1061 [Gallowgatc]
1093 1022 1200 1051 Fontis
1225 1022 1254 1050 in
1286 1022 1345 1051 Via
1369 1021 1534 1051 Furcnria.

736 1083 794 1111 Hic
813 1083 898 1111 Fons
915 1081 1047 1111 Cardani
1066 1081 1147 1109 subit
1167 1081 1282 1110 Urbem
1301 1079 1417 1116 fertque
1434 1079 1576 1112 salutem,

735 1132 848 1168 I'crpes
865 1131 903 1159 sit
921 1140 1030 1160 cursus
1046 1130 1176 1165 virginis
1191 1130 1258 1158 eius
1275 1129 1390 1165 Aquae.

677 1197 713 1226 V.
738 1196 1011 1237 [L'ppcrlcirkgate]
1038 1195 1146 1224 Fontis
1171 1195 1202 1223 in
1231 1195 1288 1223 Via
1318 1193 1434 1232 Templi
1459 1192 1634 1230 Superiorc.

755 1255 853 1282 Corde
870 1259 901 1282 ut
918 1263 969 1290 per
985 1263 1082 1282 venas
1099 1252 1228 1289 sanguis
1245 1251 1311 1280 fluit
1328 1251 1427 1288 aptior
1443 1259 1549 1287 usque,

756 1303 907 1340 Aequore,
925 1311 976 1338 per
994 1301 1131 1335 Terram,
1151 1301 1236 1330 Fons
1252 1300 1370 1329 dulcior
1386 1300 1442 1328 iste
1460 1298 1591 1328 recurrit.

668 1371 721 1400 VI.
747 1370 1030 1409 [Nellterkirkgatc]
1055 1369 1163 1397 Fontis
1187 1369 1216 1396 in
1247 1368 1303 1396 Via
1332 1366 1448 1404 Templi
1472 1366 1632 1403 Inferiore.

758 1428 890 1457 Cardani
910 1427 1021 1456 Medici
1041 1427 1126 1455 Fons
1143 1427 1190 1455 hic
1208 1426 1396 1463 prorunipit;
1419 1431 1449 1454 at
1467 1425 1516 1454 ille

761 1477 824 1505 Sub
840 1476 935 1505 Terra
952 1481 1077 1513 reptans
1095 1485 1156 1505 non
1174 1475 1274 1510 efficit,
1293 1475 1378 1503 utilis
1395 1474 1481 1504 Urbi.

653 1548 722 1576 VII.
751 1546 825 1583 [The
850 1545 962 1586 Gran]
985 1546 1093 1574 Fontis
1118 1546 1147 1574 in
1174 1545 1339 1578 Suburbio,
1370 1544 1468 1581 Vulgo
1492 1545 1538 1573 tlte
1562 1545 1671 1573 Grccn.

760 1604 818 1632 Hic
835 1613 958 1640 quoque
975 1604 1114 1632 salubres
1131 1603 1230 1631 undas
1247 1603 1388 1631 Cardana
1404 1601 1544 1630 refundit.

763 1653 804 1681 Ut
822 1653 869 1680 hic
886 1658 914 1680 et
932 1652 1035 1685 Cives,
1054 1661 1180 1680 munere
1197 1661 1295 1688 namq.
1311 1661 1320 1684 ‚·
1346 1651 1421 1679 beet.

745 1717 832 1746 VIII.
860 1716 933 1754 [The
958 1717 1042 1752 Part,
1068 1716 1229 1754 Harbour]
1251 1716 1358 1744 Fontis
1381 1716 1422 1743 ad
1445 1715 1582 1744 Portum.

782 1773 909 1803 Perfusa
926 1783 1006 1802 nunc
1027 1774 1109 1803 Urbe
1126 1774 1227 1809 undis,
1245 1774 1386 1802 Cardana
1404 1773 1514 1801 recedit

783 1823 817 1851 In
837 1823 922 1852 Mare
937 1833 943 1858 3
967 1823 1018 1851 sed
1035 1823 1072 1850 ad
1092 1822 1223 1851 Fontem
1242 1831 1313 1850 mox
1330 1822 1462 1850 reditura
1479 1831 1580 1851 suum.

854 1953 888 1981 In
906 1953 1027 1981 'l'itvlos
1045 1952 1189 1980 Fontivm
1208 1951 1473 1980 Abredonensivm

1043 2001 1285 2038 Ogsioastichon

728 2060 796 2088 Hos
812 2059 913 2089 fontes
931 2059 1070 2088 Medicus
1087 2059 1243 2096 quondam
1261 2059 1438 2088 laudaverat
1456 2068 1554 2093 unus;

769 2110 836 2138 llas
853 2109 968 2138 nitidas
985 2108 1125 2138 Medicus
1141 2108 1202 2136 iam
1220 2109 1302 2137 canit
1319 2109 1395 2136 alter
1411 2117 1524 2145 aquas:

730 2159 783 2187 llle
801 2157 976 2186 salutiferas
993 2157 1139 2186 membris
1156 2157 1375 2193 languentibus
1392 2157 1492 2185 undas
