1883 2730
436 217 500 255 236
830 223 926 247 MUsA
951 222 1086 246 LAT1NA
1112 221 1392 246 ABERDONENSIS.

637 305 737 334 Marte
754 314 810 333 suo
827 305 921 340 solus,
939 304 1024 333 solus
1041 303 1206 332 Palinurus
1221 303 1322 332 amieo

123 364 167 388 Per
180 365 305 391 Tritones,
634 354 798 383 Tritonum
816 353 951 383 auxilio:
973 358 1122 382 constans
1139 362 1215 390 quos
1232 362 1302 381 cura
1319 352 1440 381 carinae

123 397 396 453 ἓῦζῖέᾒὲἳῐέῗξξὲῗῗ
434 413 487 441 ²05
633 403 749 440 Tangit
765 403 876 437 adhuc,
893 402 918 430 si
935 402 1004 438 quis
1019 407 1126 430 contra
1143 401 1189 430 vel
1208 400 1334 438 pestifer
1349 401 1462 430 Auster

163 446 171 452 ³
261 447 266 452 ⁸
393 447 398 452 ⁴
635 451 744 488 Spiret,
762 456 792 479 et
809 451 865 479 hac
881 460 1005 479 vorsum
1025 451 1071 479 vel
1088 450 1216 478 carbasa
1232 455 1320 478 tensa
1337 454 1502 478 retrorsum

635 500 810 534 Concutiat,
828 499 979 528 fluctusve
996 504 1092 527 ratem
1109 499 1299 527 decumanus
1316 498 1420 534 iniqua

633 549 797 586 Opprimat
814 548 926 577 alluvie
943 548 1100 584 nimiaque
1116 547 1279 584 aspergine
1296 547 1404 576 laedat.

122 608 334 631 Instaurationem
347 611 372 630 et
635 600 699 628 Nec
716 604 821 626 tamen
838 598 887 625 hic
904 597 1038 633 requiem
1057 596 1197 625 tremulis
1213 597 1273 624 dux
1290 597 1412 633 praebet
1428 596 1542 630 ocellis,

121 640 382 696 ssgss‘gssnggcffffim'
433 658 490 676 210
634 648 693 676 Sed
711 647 785 675 ratis
802 646 971 675 horrendas
988 644 1082 674 reficit
1099 645 1252 682 sarcitque
1268 645 1383 679 ruinas,

121 706 262 736 allegorice.
633 698 864 733 Compactoque
881 705 974 724 cavas
990 695 1176 731 constringit
1192 695 1308 723 viscere
1324 694 1427 728 fibras,

635 747 674 774 Et
692 747 755 782 pice
771 754 939 781 conspersa
955 744 1050 772 rimas
1065 743 1238 780 compingit
1254 743 1386 772 hiantes.

633 796 746 824 Visitat
762 800 791 823 et
808 795 948 828 latebras,
967 792 1068 820 firmat
1088 792 1279 826 fundamina,
1297 798 1394 821 restes

636 844 776 880 Explicat
793 849 822 872 et
840 843 969 879 propriis
986 842 1132 878 appendit
1148 842 1275 870 carbasa
1292 841 1391 875 malis,

433 903 486 931 215
634 893 815 928 Cunctaque
832 891 964 919 sollicito
981 890 1083 918 firmat
1100 890 1267 919 retinacula
1284 899 1372 919 nexu.

634 942 745 969 Diruta
761 940 902 974 restituit,
920 945 1096 975 rcsecatque
1113 938 1276 976 superflua,
1295 948 1403 976 sparsa

635 990 769 1026 Colligit,
787 995 815 1018 et
833 989 964 1026 dapibus
981 988 1113 1017 triclinia
1130 989 1212 1025 regia
1230 989 1322 1017 lautis

636 1039 772 1073 Instruit,
789 1043 819 1067 et
835 1038 928 1066 variis
946 1038 1063 1074 privata
1079 1037 1191 1066 cubilia
1209 1038 1303 1066 lectis.

633 1088 716 1126 Quin
734 1088 826 1116 etiam
845 1087 944 1114 titulis
961 1087 1067 1114 aulaea
1085 1087 1216 1122 superba
1233 1086 1332 1114 beatis

433 1149 490 1168 220
636 1137 774 1165 Heroum
794 1136 986 1172 Regumque,
1005 1135 1122 1164 intexto
1138 1135 1298 1171 splendida
1316 1137 1417 1172 bysso,

635 1186 792 1221 Sacrilego
808 1185 963 1221 quondam
981 1184 1120 1212 Glaucus
1136 1194 1214 1220 quae
1231 1184 1367 1212 vendidit
1382 1189 1451 1212 astu

633 1235 786 1273 (Sollicito
803 1234 866 1261 nati
883 1233 976 1262 toties
993 1238 1121 1269 repetita
1138 1232 1259 1270 rogatu)

634 1284 726 1312 Addit
743 1289 771 1311 et
789 1283 838 1310 his
856 1282 1008 1318 propriam
1026 1282 1103 1310 ditat
1119 1282 1302 1318 decoratque
1317 1281 1463 1310 carinam.

123 1350 168 1372 Per
182 1350 305 1373 Glaucum
319 1357 369 1372 non
635 1333 716 1370 Quin
734 1332 826 1360 etiam
844 1331 972 1360 emerito
993 1336 1156 1359 veteranos
1175 1331 1269 1359 donat
1286 1331 1400 1359 honore

123 1383 248 1418 neminem
261 1383 392 1413 antiquum
435 1392 488 1420 ²25
635 1382 794 1419 Quotquot
811 1385 907 1415 erant,
926 1380 1067 1416 pileoque
1082 1385 1175 1416 caput
1192 1380 1353 1417 pelagique
1369 1380 1490 1408 corollis

123 1415 274 1470 &323ssssssss
287 1415 422 1471 ςΐῖζίῗῇᾓῖξ
637 1432 775 1467 Apparat
791 1438 945 1466 aequorea
961 1429 1155 1457 circumdans
1171 1434 1311 1465 tempora
1327 1429 1412 1458 vitta.

123 1479 162 1516 Ad
175 1480 311 1516 prisrinanr
639 1479 724 1508 Hace
742 1484 835 1515 pater,
853 1478 928 1506 haec
945 1483 1067 1506 nostrae
1083 1477 1155 1505 dum
1173 1477 1248 1505 vixit
1264 1478 1427 1506 commoda
1445 1478 1548 1514 puppi,

122 1512 368 1568 ῗζξζζξῖζῖᾞξὲζῗξζ
638 1528 730 1556 Hanc
747 1527 892 1563 requiem,
909 1527 967 1554 hos
983 1527 1109 1560 reditus,
1126 1527 1208 1554 hunc
1225 1526 1332 1554 detulit
1349 1535 1429 1554 unus
1446 1527 1593 1555 honorem
1609 1538 1615 1556 :

126 1577 423 1601 Universitasal’raesule
640 1578 726 1606 Haec
744 1582 816 1604 sunt
834 1577 908 1604 haec
925 1576 1001 1604 tanti
1021 1581 1223 1604 monumenta
1240 1573 1363 1604 aeterna
1381 1576 1503 1611 laboris,

123 1611 342 1671 ξίἰῖυέἳξζέζίζζὲη]
437 1637 492 1664 230
637 1627 795 1662 Gestaque
813 1624 1006 1661 magnanimi
1025 1634 1183 1661 nunquam
1202 1624 1360 1653 interitura
1377 1624 1527 1661 magistri.

122 1675 276 1714 doctoralem
285 1675 397 1712 *nonnul-
637 1675 767 1703 Caetera
785 1683 847 1701 non
865 1682 1011 1707 memoro,
1029 1673 1183 1701 immensa
1199 1682 1236 1701 ne
1254 1673 1366 1709 pagina
1383 1673 1464 1701 mole

123 1708 424 1764 ὲῖῐῗζέεῐῖἐὲᾞζᾞῇωω
637 1724 774 1758 'surgent
791 1728 819 1750 et
837 1721 933 1750 nimio
949 1726 1105 1750 excrescat
1122 1721 1236 1750 lasciva
1253 1727 1382 1750 tumore.

124 1773 246 1796 Virorum.
636 1773 695 1811 Qui
714 1781 795 1800 nunc
811 1771 860 1808 qui
879 1771 984 1799 vitreis
1000 1776 1159 1799 aeternum
1176 1771 1328 1799 obdormit
1346 1771 1375 1799 in
1393 1771 1484 1799 undis

127 1818 389 1873 peracerball'alinuri
637 1821 801 1857 'l'orpiclus,
818 1825 847 1848 et
864 1820 946 1848 saevi
964 1828 1136 1848 concussus
1152 1819 1300 1848 arundine
1318 1820 1368 1848 leti

125 1856 277 1914 ἷῗῖῃιὶζξῖξέἑ
291 1857 396 1875 mortem
436 1882 490 1910 ²35
640 1870 762 1899 Deserit
778 1870 934 1897 humanae
952 1868 1110 1904 pereuntia
1126 1869 1239 1904 gaudia
1255 1869 1344 1902 vitae,

639 1920 676 1948 Et
695 1924 784 1947 vasto
801 1918 964 1946 immersos
983 1918 1208 1954 lachrymarum
1226 1918 1348 1953 gurgite
1365 1923 1498 1947 nautas:

638 1967 763 2005 Spernit
779 1976 886 2003 aquas,
904 1966 1092 2003 puppimque
1109 1971 1137 1994 et
1154 1966 1358 2003 hyperboreos
1376 1967 1518 1995 reboatus

484 2067 538 2090 207.
556 2059 717 2085 decumanus,
732 2058 774 2081 the
792 2058 863 2080 tenth
881 2064 951 2080 wave:
970 2056 1095 2088 supposed
1114 2063 1140 2080 to
1157 2057 1186 2080 be
1204 2061 1312 2087 greatest
1330 2057 1354 2080 in
1373 2057 1481 2086 volume,
1499 2065 1526 2081 or
1545 2057 1605 2081 used
1623 2057 1753 2088 generally
1764 2057 1794 2081 os

435 2110 501 2129 ςυιτς
520 2101 629 2131 τρικυμία
642 2100 731 2130 (Plato,
744 2099 803 2129 Rrp.
823 2105 868 2128 472
881 2105 911 2126 Λ;
930 2098 1078 2128 Aeschylus,
1093 2098 1121 2120 Ρ.
1137 2097 1166 2120 V.
1182 2098 1259 2127 1015).

500 2149 544 2170 225
565 2141 641 2164 I'ileo.
678 2140 726 2163 For
750 2139 791 2162 the
816 2138 913 2170 *pileati
932 2139 1031 2168 patres‚'
1050 2137 1177 2160 doubtless
1200 2138 1242 2160 the
1265 2137 1374 2161 rewards
1390 2140 1414 2162 ol
1435 2138 1530 2162 Forbes
1547 2143 1574 2162 to
1591 2138 1630 2162 his
1648 2143 1730 2170 party,
1748 2145 1790 2162 see

435 2182 584 2206 Straclian's
602 2181 706 2205 inflated
723 2181 850 2211 language
869 2180 893 2202 in
912 2180 953 2203 the
972 2179 1140 2210 Panegyricus
1154 2179 1330 2209 Inungmrrlis,
1343 2188 1366 2210 p.
1379 2182 1418 2203 28.
