1903 2724
54 447 88 465 10

56 768 86 796 ¹5

52 1090 88 1109 20

51 1735 88 1763 30

52 1979 86 2008 35

557 208 673 243 JAMES
700 210 774 235 KEN'
784 209 895 237 NEDY.

254 291 310 319 Ast
326 291 442 319 domini
461 301 604 320 resonare
621 291 707 320 docet
723 291 796 319 dum
814 291 928 327 gaudia
945 292 1051 326 valles,

253 340 343 376 Cogit
360 341 503 369 odoratas
520 346 638 369 motare
654 340 817 369 cacumina
835 340 939 370 silvas.

254 389 347 417 Hunc
364 395 394 417 at
412 390 558 418 sublustri
577 389 707 418 simulac
723 389 885 426 conspexit
902 390 931 417 in
951 390 1058 418 umbra

255 438 437 467 Laetantem
456 444 560 475 pastor
577 439 719 476 Corydon
737 439 823 475 (tunc
840 438 959 476 integer
975 439 1052 473 aevi,

253 487 353 524 Atque
371 487 559 516 Caledonius
575 492 697 516 tantum
716 497 816 517 novus
833 488 948 525 hospes
965 488 994 516 in
1012 488 1087 525 oris)

254 535 302 564 Fit
321 536 449 573 propior,
467 536 618 573 dictisque
634 546 725 565 aures
742 537 791 565 his
809 537 922 565 mulcet
938 537 1058 567 amiciS.

702 603 770 633 Cor.

253 660 402 698 Quisquis
417 670 450 688 es
467 661 630 690 umbrosae
647 661 751 690 salicis
768 662 825 690 sub
841 660 979 697 tegmine
996 661 1108 697 glauco

253 710 312 748 Qui
331 710 467 744 recubas,
485 710 658 747 calamique
674 710 757 747 rapis
773 710 934 739 dulcedine
952 710 1056 746 silvas,

254 759 331 787 Fare
346 768 404 795 age
420 759 559 797 (securae
575 764 702 796 carpent
721 758 769 788 hic
786 759 867 796 picta
883 759 1020 796 capellae

253 808 417 846 Gramina)
433 808 506 845 quid
523 813 611 836 tanto
626 808 752 837 testaris
768 809 882 846 gaudia
898 809 1034 846 plausu?

690 875 786 905 Moer.

253 933 336 970 Quin
354 932 437 969 prius
453 932 502 960 hic
518 932 631 968 gelida,
648 937 763 969 pastor,
781 933 937 969 requiesce
954 933 1012 961 sub
1030 933 1157 966 umbra;

253 982 350 1010 Grata
366 981 515 1010 viatorem
534 980 691 1018 refrigerat
708 982 824 1016 umbra,
844 981 955 1018 fatigat

253 1031 352 1069 Quem
370 1031 474 1064 labor;
498 1029 697 1060 umbriferum
715 1031 846 1059 delectat
862 1031 992 1059 numina
1010 1031 1138 1059 Faunos

255 1080 383 1108 Rustica
400 1089 492 1116 saepe
509 1089 629 1109 nemus.
675 1079 799 1116 Captat,
816 1079 938 1108 defessa
956 1079 1088 1108 ferarum

253 1129 365 1163 Caede,
383 1138 468 1158 soror
485 1128 578 1158 Clarii
595 1128 743 1158 frondosa
759 1128 857 1166 frigus
875 1129 904 1157 in
922 1129 1039 1159 umbra.

702 1195 771 1224 Cor.

251 1255 360 1289 Tuque
377 1253 479 1290 igitur⁷
503 1253 654 1282 tremulae
671 1253 819 1290 quoniam
838 1253 1050 1282 successimus
1067 1253 1204 1285 umbrae,

252 1303 367 1332 Ordine
383 1308 494 1331 cuncta
511 1301 605 1336 refer;
631 1302 712 1331 dicta
729 1311 819 1331 aures
835 1303 924 1331 corde
942 1307 1102 1339 reponent.

688 1368 784 1398 Mocr.

252 1428 299 1456 Ab
318 1427 390 1456 Iove
407 1426 592 1464 principium
610 1435 728 1461 musae,
746 1426 797 1463 qui
814 1431 926 1455 cuncta
944 1425 1062 1463 potenti

251 1477 334 1505 Voce
350 1476 458 1513 quatit.
503 1476 591 1514 Quae
606 1484 676 1503 cara
693 1485 806 1512 parens
821 1475 1012 1503 circumdata
1029 1479 1125 1511 ponto

254 1526 316 1553 Dat
332 1525 434 1559 tellus,
452 1534 592 1562 quaeque
609 1533 724 1561 aequor
740 1524 833 1552 habet
850 1525 907 1552 sub
924 1523 1045 1560 gurgite
1061 1528 1152 1551 vasto

255 1575 309 1603 Ille
326 1575 431 1611 replet,
448 1574 618 1610 divumque
635 1582 747 1610 parens
763 1582 798 1601 ac
815 1578 912 1601 rector
928 1572 1054 1610 Olympi

254 1624 315 1653 Res
332 1624 495 1652 hominum
513 1622 647 1652 aeternis
665 1622 752 1651 solus
769 1622 946 1651 moderatur
962 1621 1101 1650 habenis,

254 1674 383 1710 Iamque
400 1672 578 1701 Caledoniis
595 1673 633 1700 ab
649 1672 784 1701 ovilibus
800 1671 904 1700 hostia
921 1680 1041 1700 sacram

253 1724 415 1762 Quaenam
433 1727 521 1759 grata
537 1721 602 1755 tibi,
620 1721 725 1749 divum
743 1730 803 1756 rex,
822 1721 940 1750 imbuet
955 1722 1065 1749 aram?

254 1772 335 1800 Exta
349 1771 516 1800 cremanda
531 1769 608 1799 focis
625 1775 698 1798 sunt
715 1779 802 1799 sacra
819 1770 940 1798 minuta
956 1769 1105 1804 Tonanti,

254 1821 341 1848 Illius
358 1820 518 1849 aethereos
533 1820 595 1848 aris
613 1825 788 1849 mactemus
805 1819 948 1849 honores

253 1870 298 1898 Te
315 1869 451 1903 donavit,
469 1869 508 1903 io,
527 1874 687 1906 pastorum
706 1868 813 1905 gloria,
833 1868 970 1905 Daphni,

253 1919 368 1947 Dextra
385 1918 563 1947 Caledoniis
580 1919 722 1947 reducem
742 1917 826 1946 Iovis
843 1917 959 1954 inclyta
977 1917 1074 1946 silvis.

255 1968 392 2005 Daphni,
410 1967 503 1996 decus
519 1967 645 2004 patriae,
663 1967 769 1995 divum
788 1966 914 2002 Daphni
933 1966 1022 1994 unica
1039 1975 1120 1999 cura,

253 2017 297 2045 Te
315 2022 478 2054 postquam
496 2022 639 2045 externae
655 2022 757 2045 texere
773 2015 952 2044 umbracula
971 2015 1076 2049 silvae,

254 2066 419 2103 Cynthius,
437 2071 467 2094 et
484 2065 595 2100 Fauni,
614 2065 726 2099 Panes,
747 2065 911 2102 Satyrique
927 2065 1056 2098 salaces,

258 2115 417 2152 Deliaque,
435 2120 465 2143 et
483 2114 660 2152 Nymphae,
679 2114 830 2151 Dryades,
847 2119 1032 2149 teneraeque
1050 2113 1206 2149 Napaeae,

259 2164 428 2192 Deseruere
446 2172 547 2199 agros.
593 2163 745 2191 Druidum
763 2172 886 2199 quoque
902 2163 1002 2199 (sacra
1018 2160 1174 2189 Tonantis
